game_id,stint_index,home_id,away_id,home_p1,home_p2,home_p3,home_p4,home_p5,away_p1,away_p2,away_p3,away_p4,away_p5,seconds,home_pts,away_pts,home_pts_adj,away_pts_adj,start_elapsed,end_elapsed,start_period,start_clock,end_period,end_clock,start_home_score,start_away_score,end_home_score,end_away_score,start_home_score_adj,start_away_score_adj,end_home_score_adj,end_away_score_adj,date,home_inferred_count,away_inferred_count,home_lineup_complete,away_lineup_complete
21100001,0,1610612752,1610612738,2199,2405,2546,201962,202361,708,951,979,2562,200765,301,0,0,-4.11,0.0,0,301,1,PT12M00.00S,1,PT06M59.00S,0,0,0,0,0.0,0.0,-4.11,0.0,2011-12-25,0,0,1,1
21100001,1,1610612752,1610612738,2199,2405,2546,201962,202361,708,951,2605,101138,200765,42,17,11,17.0,11.0,301,343,1,PT06M59.00S,1,PT06M17.00S,0,0,17,11,-4.11,0.0,12.89,11.0,2011-12-25,0,0,1,1
21100001,2,1610612752,1610612738,2199,2405,2546,201962,202361,951,2404,2605,101138,200765,35,-17,-11,-15.867,-11.0,343,378,1,PT06M17.00S,1,PT05M42.00S,17,11,0,0,12.89,11.0,-2.976,0.0,2011-12-25,0,0,1,1
21100001,3,1610612752,1610612738,2199,2407,2546,202361,202697,951,2404,2605,101138,200765,67,0,0,1.054,0.0,378,445,1,PT05M42.00S,1,PT04M35.00S,0,0,0,0,-2.976,0.0,-1.922,0.0,2011-12-25,0,0,1,1
21100001,4,1610612752,1610612738,2199,2407,2546,201611,202697,2039,2404,2605,101138,200765,58,20,16,20.0,16.0,445,503,1,PT04M35.00S,1,PT03M37.00S,0,0,20,16,-1.922,0.0,18.078,16.0,2011-12-25,0,0,1,1
21100001,5,1610612752,1610612738,2407,2546,201611,202697,202725,2039,2404,2605,101138,200765,35,4,0,4.0,0.0,503,538,1,PT03M37.00S,1,PT03M02.00S,20,16,24,16,18.078,16.0,22.078,16.0,2011-12-25,0,0,1,1
21100001,6,1610612752,1610612738,2407,2546,201611,202697,202725,708,2039,2404,2605,202340,145,8,5,9.133,5.0,538,683,1,PT03M02.00S,1,PT00M36.70S,24,16,32,21,22.078,16.0,31.211,21.0,2011-12-25,0,0,1,1
21100001,7,1610612752,1610612738,2407,2546,200764,202697,202725,708,2039,2404,2605,202340,30,2,2,2.0,2.0,683,713,1,PT00M36.70S,1,PT00M06.80S,32,21,34,23,31.211,21.0,33.211,23.0,2011-12-25,0,0,1,1
21100001,8,1610612752,1610612738,2407,2546,200764,202697,202725,708,2404,2605,200765,202340,172,7,6,5.367,6.0,713,885,1,PT00M06.80S,2,PT09M15.00S,34,23,41,29,33.211,23.0,38.578,29.0,2011-12-25,0,0,1,1
21100001,9,1610612752,1610612738,2407,2546,200764,202697,202725,708,951,979,2562,200765,55,-41,-29,-41.0,-27.871,885,940,2,PT09M15.00S,2,PT08M20.00S,41,29,0,0,38.578,29.0,-2.422,1.129,2011-12-25,0,0,1,1
21100001,10,1610612752,1610612738,2199,2546,200764,202697,202725,708,951,979,2562,200765,27,46,32,46.0,32.0,940,967,2,PT08M20.00S,2,PT07M53.00S,0,0,46,32,-2.422,1.129,43.578,33.129,2011-12-25,0,0,1,1
21100001,11,1610612752,1610612738,2199,2546,202361,202697,202725,708,951,2562,101138,200765,126,-46,-32,-44.993,-33.756,967,1093,2,PT07M53.00S,2,PT05M47.00S,46,32,0,0,43.578,33.129,-1.415,-0.627,2011-12-25,0,0,1,1
21100001,12,1610612752,1610612738,2199,2407,2546,202361,202725,708,951,2562,101138,200765,40,0,0,-1.573,0.0,1195,1235,2,PT04M05.00S,2,PT03M25.00S,0,0,0,0,-1.415,-2.51,-2.988,-2.51,2011-12-25,0,0,1,1
21100001,13,1610612752,1610612738,2199,2407,2546,202361,202725,708,951,2605,101138,200765,45,0,0,0.0,0.0,1235,1280,2,PT03M25.00S,2,PT02M40.00S,0,0,0,0,-2.988,-2.51,-2.988,-2.51,2011-12-25,0,0,1,1
21100001,14,1610612752,1610612738,2199,2405,2546,202361,202725,708,951,2605,101138,200765,16,0,0,0.0,0.0,1280,1296,2,PT02M40.00S,2,PT02M24.00S,0,0,0,0,-2.988,-2.51,-2.988,-2.51,2011-12-25,0,0,1,1
21100001,15,1610612752,1610612738,2407,201611,202361,202697,202725,951,2605,101138,200765,202340,58,0,4,0.0,4.0,1867,1925,3,PT04M53.00S,3,PT03M55.00S,69,72,69,76,67.587,68.001,67.587,72.001,2011-12-25,0,0,1,1
21100001,16,1610612752,1610612738,200764,201962,202361,202697,202725,951,2605,101138,200765,202340,54,-69,-76,-69.0,-76.0,1925,1979,3,PT03M55.00S,3,PT03M01.00S,69,76,0,0,67.587,72.001,-1.413,-3.999,2011-12-25,0,0,1,1
21100001,17,1610612752,1610612738,2199,201611,201962,202361,202725,2039,2404,101138,200765,202340,178,0,0,-0.567,0.0,2102,2280,3,PT00M57.70S,4,PT10M00.00S,0,0,0,0,-1.413,-3.999,-1.98,-3.999,2011-12-25,0,0,1,1
21100001,18,1610612752,1610612738,2199,201611,201962,202361,202725,708,951,2039,101138,200765,87,0,0,1.016,-1.578,2280,2367,4,PT10M00.00S,4,PT08M33.00S,0,0,0,0,-1.98,-3.999,-0.964,-5.577,2011-12-25,0,0,1,1
21100001,19,1610612752,1610612738,2199,201611,201962,202361,202725,708,951,2562,101138,200765,23,0,0,0.0,0.0,2389,2412,4,PT08M11.00S,4,PT07M48.00S,0,0,0,0,-0.964,-5.577,-0.964,-5.577,2011-12-25,0,0,1,1
21100001,20,1610612752,1610612738,2199,201611,201962,202361,202725,708,951,979,2562,200765,12,0,0,0.0,0.0,2412,2424,4,PT07M48.00S,4,PT07M36.00S,0,0,0,0,-0.964,-5.577,-0.964,-5.577,2011-12-25,0,0,1,1
21100001,21,1610612752,1610612738,2199,201611,201962,202361,202725,708,951,979,2605,200765,62,0,0,1.007,0.0,2424,2486,4,PT07M36.00S,4,PT06M34.00S,0,0,0,0,-0.964,-5.577,0.043,-5.577,2011-12-25,0,0,1,1
21100002,0,1610612742,1610612748,467,1713,1717,1890,2217,2544,2547,2548,201202,201596,301,0,0,-1.638,0.0,0,301,1,PT12M00.00S,1,PT06M59.00S,0,0,0,0,0.0,0.0,-1.638,0.0,2011-12-25,0,0,1,1
21100002,1,1610612742,1610612748,467,1713,1717,1890,2217,2544,2547,2548,201202,202708,81,0,0,1.153,0.0,301,382,1,PT06M59.00S,1,PT05M38.00S,0,0,0,0,-1.638,0.0,-0.485,0.0,2011-12-25,0,0,1,1
21100002,2,1610612742,1610612748,467,1713,1885,1891,2217,2544,2547,2548,2617,202708,32,0,0,-1.832,0.0,382,414,1,PT05M38.00S,1,PT05M06.00S,0,0,0,0,-0.485,0.0,-2.317,0.0,2011-12-25,0,0,1,1
21100002,3,1610612742,1610612748,467,1713,1885,1891,101133,2544,2547,2548,2617,202708,13,0,0,0.0,0.0,414,427,1,PT05M06.00S,1,PT04M53.00S,0,0,0,0,-2.317,0.0,-2.317,0.0,2011-12-25,0,0,1,1
21100002,4,1610612742,1610612748,467,1885,1890,1891,101133,2544,2547,2548,2617,202708,50,11,19,11.944,17.354,427,477,1,PT04M53.00S,1,PT04M03.00S,0,0,11,19,-2.317,0.0,9.627,17.354,2011-12-25,0,0,1,1
21100002,5,1610612742,1610612748,467,1717,1890,1891,101133,436,2203,2544,2617,202708,114,3,5,4.071,6.155,477,591,1,PT04M03.00S,1,PT02M09.00S,11,19,14,24,9.627,17.354,13.699,23.51,2011-12-25,0,0,1,1
21100002,6,1610612742,1610612748,1717,1890,1891,2753,101133,436,2203,2544,2617,202708,52,-14,-24,-14.0,-24.0,591,643,1,PT02M09.00S,1,PT01M17.00S,14,24,0,0,13.699,23.51,-0.301,-0.49,2011-12-25,0,0,1,1
21100002,7,1610612742,1610612748,1890,1891,2073,2753,101133,436,2203,2544,2617,202708,43,15,31,15.0,31.0,643,686,1,PT01M17.00S,1,PT00M33.90S,0,0,15,31,-0.301,-0.49,14.699,30.51,2011-12-25,0,0,1,1
21100002,8,1610612742,1610612748,1890,1891,2073,2753,201148,436,2203,2544,2617,202708,110,-15,-31,-15.0,-31.0,686,796,1,PT00M33.90S,2,PT10M44.00S,15,31,0,0,14.699,30.51,-0.301,-0.49,2011-12-25,0,0,1,1
21100002,9,1610612742,1610612748,1890,1891,2073,2753,201148,2203,2544,2547,2617,202708,97,0,0,2.179,0.0,796,893,2,PT10M44.00S,2,PT09M07.00S,0,0,0,0,-0.301,-0.49,1.878,-0.49,2011-12-25,0,0,1,1
21100002,10,1610612742,1610612748,1890,1891,2073,2753,201148,2203,2544,2547,2617,201596,62,0,0,1.037,0.0,893,955,2,PT09M07.00S,2,PT08M05.00S,0,0,0,0,1.878,-0.49,2.914,-0.49,2011-12-25,0,0,1,1
21100002,11,1610612742,1610612748,1717,1890,1891,2753,201148,2203,2544,2547,2617,201596,29,0,0,0.0,0.0,955,984,2,PT08M05.00S,2,PT07M36.00S,0,0,0,0,2.914,-0.49,2.914,-0.49,2011-12-25,0,0,1,1
21100002,12,1610612742,1610612748,1717,1890,1891,2753,201148,2203,2544,2547,201202,201596,93,27,42,26.52,38.842,984,1077,2,PT07M36.00S,2,PT06M03.00S,0,0,27,42,2.914,-0.49,29.435,38.352,2011-12-25,0,0,1,1
21100003,0,1610612747,1610612741,965,977,2200,201177,202365,1888,2430,200758,201149,201565,172,5,6,5.0,6.0,0,172,1,PT12M00.00S,1,PT09M08.00S,0,0,5,6,0.0,0.0,5.0,6.0,2011-12-25,0,0,1,1
21100003,1,1610612747,1610612741,977,1897,2211,2581,201177,1888,2736,201149,201228,201959,32,-31,-28,-31.0,-28.0,980,1012,2,PT07M40.00S,2,PT07M08.00S,31,28,0,0,31.777,26.494,0.777,-1.506,2011-12-25,0,0,1,1
21100003,2,1610612747,1610612741,977,1897,2211,2581,201177,1888,2430,2736,201149,201565,87,0,0,-1.632,-0.0,1012,1099,2,PT07M08.00S,2,PT05M41.00S,0,0,0,0,0.777,-1.506,-0.855,-1.506,2011-12-25,0,0,1,1
21100003,3,1610612747,1610612741,965,977,2211,201177,202365,1888,2430,2736,201149,201565,143,0,0,0.0,0.0,1099,1242,2,PT05M41.00S,2,PT03M18.00S,0,0,0,0,-0.855,-1.506,-0.855,-1.506,2011-12-25,0,0,1,1
21100003,4,1610612747,1610612741,965,977,2200,201177,202365,1888,2430,2736,201149,201565,138,0,0,0.0,-3.425,1242,1380,2,PT03M18.00S,2,PT01M00.00S,0,0,0,0,-0.855,-1.506,-0.855,-4.932,2011-12-25,0,0,1,1
21100003,5,1610612747,1610612741,965,977,2200,201177,202365,1888,2430,2736,201565,201600,59,0,0,1.343,-1.643,1380,1439,2,PT01M00.00S,2,PT00M01.40S,0,0,0,0,-0.855,-4.932,0.488,-6.574,2011-12-25,0,0,1,1
21100003,6,1610612747,1610612741,965,977,2200,201177,202365,1888,2430,2736,201565,201600,361,60,63,62.204,63.346,1439,1800,2,PT00M01.40S,3,PT06M00.00S,0,0,60,63,0.488,-6.574,62.692,56.771,2011-12-25,0,0,1,1
21100003,7,1610612747,1610612741,965,977,2200,201177,202365,1888,2430,2736,201565,201600,78,-60,-63,-60.0,-63.0,1800,1878,3,PT06M00.00S,3,PT04M42.00S,60,63,0,0,62.692,56.771,2.692,-6.229,2011-12-25,0,0,1,1
21100003,8,1610612747,1610612741,965,977,2200,201177,202365,2430,2736,200758,201565,201600,9,0,0,0.0,0.0,1878,1887,3,PT04M42.00S,3,PT04M33.00S,0,0,0,0,2.692,-6.229,2.692,-6.229,2011-12-25,0,0,1,1
21100003,9,1610612747,1610612741,965,977,2200,201177,202365,2736,200758,201565,201600,201959,46,0,0,0.0,-1.713,1887,1933,3,PT04M33.00S,3,PT03M47.00S,0,0,0,0,2.692,-6.229,2.692,-7.942,2011-12-25,0,0,1,1
21100003,10,1610612747,1610612741,977,1897,2211,2581,201177,2736,200758,201565,201600,201959,101,0,0,3.264,0.0,1933,2034,3,PT03M47.00S,3,PT02M06.00S,0,0,0,0,2.692,-7.942,5.957,-7.942,2011-12-25,0,0,1,1
21100003,11,1610612747,1610612741,1897,2211,2581,201177,202726,2736,200758,201228,201600,201959,298,0,0,0.353,1.235,2034,2332,3,PT02M06.00S,4,PT09M08.00S,0,0,0,0,5.957,-7.942,6.309,-6.706,2011-12-25,0,0,1,1
21100003,12,1610612747,1610612741,1897,2211,2581,201177,202726,2430,2736,200758,201149,201565,64,0,0,0.0,0.0,2332,2396,4,PT09M08.00S,4,PT08M04.00S,0,0,0,0,6.309,-6.706,6.309,-6.706,2011-12-25,0,0,1,1
21100003,13,1610612747,1610612741,977,1897,2211,2581,201177,2430,2736,200758,201149,201565,91,0,0,0.0,0.994,2396,2487,4,PT08M04.00S,4,PT06M33.00S,0,0,0,0,6.309,-6.706,6.309,-5.712,2011-12-25,0,0,1,1
21100004,0,1610612760,1610612753,2570,200757,201142,201566,201586,2045,2202,2730,2749,201583,364,18,18,14.511,18.603,0,364,1,PT12M00.00S,1,PT05M56.00S,0,0,18,18,0.0,0.0,14.511,18.603,2011-12-25,0,0,1,1
21100004,1,1610612760,1610612753,2570,200757,201142,201566,201586,2045,2202,2730,2749,201175,62,0,0,0.922,0.0,364,426,1,PT05M56.00S,1,PT04M54.00S,18,18,18,18,14.511,18.603,15.433,18.603,2011-12-25,0,0,1,1
21100004,2,1610612760,1610612753,2570,201142,201566,201586,201935,2045,2202,2730,2749,201175,24,0,0,0.0,0.0,426,450,1,PT04M54.00S,1,PT04M30.00S,18,18,18,18,15.433,18.603,15.433,18.603,2011-12-25,0,0,1,1
21100004,3,1610612760,1610612753,2555,201142,201566,201586,201935,2045,2202,2730,2749,201175,26,0,0,0.0,0.0,450,476,1,PT04M30.00S,1,PT04M04.00S,18,18,18,18,15.433,18.603,15.433,18.603,2011-12-25,0,0,1,1
21100004,4,1610612760,1610612753,2555,201142,201566,201586,201935,2045,2730,2749,200755,201175,54,0,3,1.33,1.23,476,530,1,PT04M04.00S,1,PT03M10.00S,18,18,18,21,15.433,18.603,16.763,19.833,2011-12-25,0,0,1,1
21100004,5,1610612760,1610612753,2555,201142,201566,201586,201935,2045,2730,2768,200755,201175,31,0,0,0.0,1.161,530,561,1,PT03M10.00S,1,PT02M39.00S,18,21,18,21,16.763,19.833,16.763,20.994,2011-12-25,0,0,1,1
21100004,6,1610612760,1610612753,1737,2555,201142,201935,201953,2730,2768,200755,201175,201947,55,1,0,1.0,0.0,561,616,1,PT02M39.00S,1,PT01M44.00S,18,21,19,21,16.763,20.994,17.763,20.994,2011-12-25,0,0,1,1
21100004,7,1610612760,1610612753,1737,2555,201142,201935,201953,2730,2768,200755,201583,201947,43,3,0,3.0,1.184,616,659,1,PT01M44.00S,1,PT01M01.00S,19,21,22,21,17.763,20.994,20.763,22.178,2011-12-25,0,0,1,1
21100004,8,1610612760,1610612753,1737,2555,201161,201935,201953,2730,2768,200755,201583,201947,285,13,8,11.661,8.84,659,944,1,PT01M01.00S,2,PT08M16.00S,22,21,35,29,20.763,22.178,32.423,31.018,2011-12-25,0,0,1,1
21100004,9,1610612760,1610612753,1737,2555,201142,201566,201935,2045,2730,2768,201583,201947,67,4,0,4.0,0.0,944,1011,2,PT08M16.00S,2,PT07M09.00S,35,29,39,29,32.423,31.018,36.423,31.018,2011-12-25,0,0,1,1
21100004,10,1610612760,1610612753,2555,2570,201142,201566,201935,2045,2730,2749,201583,201947,134,9,2,7.526,3.033,1011,1145,2,PT07M09.00S,2,PT04M55.00S,39,29,48,31,36.423,31.018,43.949,34.051,2011-12-25,0,0,1,1
21100004,11,1610612760,1610612753,2570,200757,201142,201566,201935,2045,2730,2749,200755,201947,215,2,8,3.097,8.431,1145,1360,2,PT04M55.00S,2,PT01M20.00S,48,31,50,39,43.949,34.051,47.046,42.483,2011-12-25,0,0,1,1
21100004,12,1610612760,1610612753,2570,200757,201142,201566,201935,2047,2730,2749,200755,201947,468,15,15,14.638,15.137,1374,1842,2,PT01M06.00S,3,PT05M18.00S,52,39,67,54,47.572,42.483,62.209,57.62,2011-12-25,0,0,1,1
21100004,13,1610612760,1610612753,1737,2555,201142,201566,201935,2045,2047,2730,2749,101144,145,2,4,2.0,5.098,2442,2587,4,PT07M18.00S,4,PT04M53.00S,85,68,87,72,78.499,75.447,80.499,80.545,2011-12-25,0,0,1,1
21100004,14,1610612760,1610612753,2570,201142,201566,201586,201935,2045,2047,2730,2749,101144,92,4,4,4.0,3.413,2587,2679,4,PT04M53.00S,4,PT03M21.00S,87,72,91,76,80.499,80.545,84.499,83.957,2011-12-25,0,0,1,1
21100005,0,1610612744,1610612746,2740,2748,101135,101145,201939,1497,2406,101108,201599,201933,406,0,0,3.398,-1.197,0,406,1,PT12M00.00S,1,PT05M14.00S,0,0,0,0,0.0,0.0,3.398,-1.197,2011-12-25,0,0,1,1
21100005,1,1610612744,1610612746,101135,101145,201939,202327,202691,1497,2406,101108,201599,201933,9,14,11,14.0,11.0,406,415,1,PT05M14.00S,1,PT05M05.00S,0,0,14,11,3.398,-1.197,17.398,9.803,2011-12-25,0,0,1,1
21100005,2,1610612744,1610612746,101135,101145,201575,202327,202691,1497,2406,101108,201599,201933,30,0,2,0.0,2.0,415,445,1,PT05M05.00S,1,PT04M35.00S,14,11,14,13,17.398,9.803,17.398,11.803,2011-12-25,0,0,1,1
21100005,3,1610612744,1610612746,101135,101145,201575,202327,202691,2406,2590,101108,201599,201933,153,-14,-13,-13.033,-13.0,445,598,1,PT04M35.00S,1,PT02M02.00S,14,13,0,0,17.398,11.803,4.365,-1.197,2011-12-25,0,0,1,1
21100005,4,1610612744,1610612746,2748,201575,202327,202397,202691,2567,2590,101108,101155,201933,93,18,23,18.0,21.245,598,691,1,PT02M02.00S,1,PT00M28.60S,0,0,18,23,4.365,-1.197,22.365,20.048,2011-12-25,0,0,1,1
21100005,5,1610612744,1610612746,2748,101145,201575,202327,202691,2567,2590,101108,101155,200751,45,-18,-24,-18.0,-23.016,691,736,1,PT00M28.60S,2,PT11M44.00S,18,24,0,0,22.365,21.048,4.365,-1.967,2011-12-25,0,0,1,1
21100005,6,1610612744,1610612746,101145,201187,201575,202327,202691,2567,2590,101108,101155,200751,17,0,0,0.0,0.0,736,753,2,PT11M44.00S,2,PT11M27.00S,0,0,0,0,4.365,-1.967,4.365,-1.967,2011-12-25,0,0,1,1
21100005,7,1610612744,1610612746,101145,201187,201575,201939,202327,2567,2590,101108,101155,200751,124,0,0,0.0,1.048,753,877,2,PT11M27.00S,2,PT09M23.00S,0,0,0,0,4.365,-1.967,4.365,-0.919,2011-12-25,0,0,1,1
21100005,8,1610612744,1610612746,2748,101145,201575,201939,202327,2567,2590,101108,101155,200751,154,28,35,26.468,35.0,877,1031,2,PT09M23.00S,2,PT06M49.00S,0,0,28,35,4.365,-0.919,30.834,34.081,2011-12-25,0,0,1,1
21100005,9,1610612744,1610612746,2198,101145,201187,201575,202691,2406,2590,101108,101155,201599,75,55,64,55.0,62.188,1824,1899,3,PT05M36.00S,3,PT04M21.00S,0,0,55,64,6.76,1.743,61.76,63.931,2011-12-25,0,0,1,1
21100005,10,1610612744,1610612746,2198,101145,201187,201575,202691,2406,2590,101108,101155,201599,32,-55,-64,-53.823,-64.0,1899,1931,3,PT04M21.00S,3,PT03M49.00S,55,64,0,0,61.76,63.931,7.937,-0.069,2011-12-25,0,0,1,1
21100005,11,1610612744,1610612746,101145,201187,201575,202397,202691,1497,2567,2590,101108,200751,41,0,0,0.0,-1.659,2148,2189,3,PT00M11.90S,4,PT11M31.00S,0,0,0,0,5.525,-1.728,5.525,-3.386,2011-12-25,0,0,1,1
21100006,0,1610612764,1610612751,1740,101154,201580,202322,202348,2743,101114,101130,201627,202345,401,14,3,15.164,7.418,0,401,1,PT12M00.00S,1,PT05M19.00S,0,0,14,3,0.0,0.0,15.164,7.418,2011-12-26,0,0,1,1
21100006,1,1610612764,1610612751,1740,101154,201580,202322,202348,202345,2743,101114,101130,201627,151,6,7,6.0,8.256,401,552,1,PT05M19.00S,1,PT02M48.00S,14,3,20,10,15.164,7.418,21.164,15.674,2011-12-26,0,1,1,1
21100006,2,1610612764,1610612751,1740,101154,201156,201580,202322,201627,2743,101114,101130,200770,83,4,3,4.0,3.0,552,635,1,PT02M48.00S,1,PT01M25.00S,20,10,24,13,21.164,15.674,25.164,18.674,2011-12-26,0,1,1,1
21100006,3,1610612764,1610612751,101154,201156,201580,202698,202714,2743,101114,101130,200770,201627,132,4,0,4.0,2.149,714,846,1,PT00M05.90S,2,PT09M54.00S,26,13,30,13,27.164,20.849,31.164,22.998,2011-12-26,0,1,1,1
21100006,4,1610612764,1610612751,101142,202344,202348,202698,202714,2743,2246,200770,202178,202705,44,1,2,1.0,2.0,2036,2080,3,PT02M04.00S,3,PT01M20.00S,63,64,64,66,67.274,73.392,68.274,75.392,2011-12-26,0,1,1,1
21100006,5,1610612764,1610612751,101142,202344,202348,202698,202714,2743,2246,200770,202178,202705,30,1,0,1.0,0.0,2080,2110,3,PT01M20.00S,3,PT00M50.00S,64,66,65,66,68.274,75.392,69.274,75.392,2011-12-26,0,1,1,1
21100006,6,1610612764,1610612751,101142,202344,202348,202698,202714,2743,2246,200770,202178,202705,32,2,0,2.0,0.0,2110,2142,3,PT00M50.00S,3,PT00M18.30S,65,66,67,66,69.274,75.392,71.274,75.392,2011-12-26,0,1,1,1
21100006,7,1610612764,1610612751,1740,2427,101142,202348,202714,2743,2246,200770,202178,202705,18,0,0,0.0,0.0,2142,2160,3,PT00M18.30S,3,PT00M00.00S,67,66,67,66,71.274,75.392,71.274,75.392,2011-12-26,0,1,1,1
21100006,8,1610612764,1610612751,1740,2427,101142,202348,202714,2246,200770,202178,202345,202705,79,7,0,5.266,0.964,2160,2239,3,PT00M00.00S,4,PT10M41.00S,67,66,74,66,71.274,75.392,76.539,76.357,2011-12-26,0,1,1,1
21100006,9,1610612764,1610612751,1740,101154,201156,202322,202348,2246,2743,200770,202178,202345,8,0,1,0.0,1.0,2868,2876,4,PT00M12.30S,4,PT00M04.00S,84,89,84,90,88.419,98.333,88.419,99.333,2011-12-26,0,1,1,1
21100007,0,1610612766,1610612749,1894,2564,201571,201591,201945,1536,2399,101106,101141,201943,328,0,0,2.189,-1.532,0,328,1,PT12M00.00S,1,PT06M32.00S,0,0,0,0,0.0,0.0,2.189,-1.532,2011-12-26,0,0,1,1
21100007,1,1610612766,1610612749,1894,2564,201571,201591,201945,1536,2399,2400,101106,201943,61,0,0,0.929,0.0,328,389,1,PT06M32.00S,1,PT05M31.00S,0,0,0,0,2.189,-1.532,3.118,-1.532,2011-12-26,0,0,1,1
21100007,2,1610612766,1610612749,1894,2564,201571,201591,201945,2399,2400,2733,101106,201943,215,0,0,2.104,0.941,389,604,1,PT05M31.00S,1,PT01M56.00S,0,0,0,0,3.118,-1.532,5.222,-0.591,2011-12-26,0,0,1,1
21100007,3,1610612766,1610612749,1894,2564,201945,202687,202689,2399,2400,2733,2757,202336,47,19,22,19.0,22.0,604,651,1,PT01M56.00S,1,PT01M09.00S,0,0,19,22,5.222,-0.591,24.222,21.409,2011-12-26,0,0,1,1
21100007,4,1610612766,1610612749,1894,201945,201974,202687,202689,2399,2400,2733,2757,202336,295,-19,-22,-17.86,-19.134,651,946,1,PT01M09.00S,2,PT08M14.00S,19,22,0,0,24.222,21.409,6.361,2.275,2011-12-26,0,0,1,1
21100007,5,1610612766,1610612749,1894,201945,201974,202687,202689,2399,2400,2733,2757,202336,26,28,37,29.061,37.0,946,972,2,PT08M14.00S,2,PT07M48.00S,0,0,28,37,6.361,2.275,35.422,39.275,2011-12-26,0,0,1,1
21100007,6,1610612766,1610612749,1894,2205,201945,201974,202689,2399,2733,2757,101106,202336,73,-28,-37,-28.0,-35.99,972,1045,2,PT07M48.00S,2,PT06M35.00S,28,37,0,0,35.422,39.275,7.422,3.286,2011-12-26,0,0,1,1
21100007,7,1610612766,1610612749,1894,2205,201945,201974,202689,2399,2733,2757,101106,202336,3,0,0,0.0,0.0,1045,1048,2,PT06M35.00S,2,PT06M32.00S,0,0,0,0,7.422,3.286,7.422,3.286,2011-12-26,0,0,1,1
21100007,8,1610612766,1610612749,1894,2205,2564,201571,201945,2399,2733,101106,101141,201943,230,0,0,1.094,1.175,1132,1362,2,PT05M08.00S,2,PT01M18.00S,0,0,0,0,7.422,3.286,8.516,4.461,2011-12-26,0,0,1,1
21100007,9,1610612766,1610612749,1894,2205,2564,201571,201945,2733,2399,2757,101141,201943,50,0,0,-1.698,0.0,1362,1412,2,PT01M18.00S,2,PT00M27.80S,0,0,0,0,8.516,4.461,6.819,4.461,2011-12-26,0,1,1,1
21100007,10,1610612766,1610612749,1894,2564,201571,201591,201945,2733,2399,2757,101141,201943,293,0,0,0.0,2.178,1412,1705,2,PT00M27.80S,3,PT07M35.00S,0,0,0,0,6.819,4.461,6.819,6.639,2011-12-26,0,1,1,1
21100008,0,1610612753,1610612745,2045,2202,2730,2749,201583,2223,2449,2755,200768,201941,131,4,4,6.192,4.0,0,131,1,PT12M00.00S,1,PT09M49.00S,0,0,4,4,0.0,0.0,6.192,4.0,2011-12-26,0,0,1,1
21100008,1,1610612753,1610612745,2045,2730,2749,200755,201175,2223,2449,2755,200768,201944,146,7,6,5.545,7.216,399,545,1,PT05M21.00S,1,PT02M55.00S,13,13,20,19,15.709,13.561,21.254,20.778,2011-12-26,0,0,1,1
21100008,2,1610612753,1610612745,2730,2768,101144,200755,201175,2449,2755,200768,201944,202399,93,4,3,4.0,2.301,545,638,1,PT02M55.00S,1,PT01M22.00S,20,19,24,22,21.254,20.778,25.254,23.079,2011-12-26,0,0,1,1
21100008,3,1610612753,1610612745,2768,101144,200755,201175,201583,201584,201609,201944,202399,202694,96,3,1,3.824,3.031,638,734,1,PT01M22.00S,2,PT11M46.00S,24,22,27,23,25.254,23.079,29.078,26.11,2011-12-26,0,0,1,1
21100008,4,1610612753,1610612745,2768,101144,200755,201175,201583,201584,201609,201941,201944,202694,25,0,0,0.921,0.0,734,759,2,PT11M46.00S,2,PT11M21.00S,27,23,27,23,29.078,26.11,30.0,26.11,2011-12-26,0,0,1,1
21100008,5,1610612753,1610612745,2202,2768,101144,201175,201583,201584,201609,201941,201944,202694,139,5,7,6.099,6.491,759,898,2,PT11M21.00S,2,PT09M02.00S,27,23,32,30,30.0,26.11,36.099,32.601,2011-12-26,0,0,1,1
21100008,6,1610612753,1610612745,2045,2202,2768,201175,201583,2449,201584,201609,201941,201944,45,3,0,3.0,0.0,898,943,2,PT09M02.00S,2,PT08M17.00S,32,30,35,30,36.099,32.601,39.099,32.601,2011-12-26,0,0,1,1
21100008,7,1610612753,1610612745,2045,2202,2730,2768,201583,2449,201584,201609,201941,201944,57,2,0,2.0,1.183,943,1000,2,PT08M17.00S,2,PT07M20.00S,35,30,37,30,39.099,32.601,41.099,33.784,2011-12-26,0,0,1,1
21100008,8,1610612753,1610612745,2045,2202,2730,2768,201583,2449,2755,200768,201941,201944,119,5,2,3.392,5.135,1000,1119,2,PT07M20.00S,2,PT05M21.00S,37,30,42,32,41.099,33.784,44.491,38.919,2011-12-26,0,0,1,1
21100008,9,1610612753,1610612745,2045,2202,2730,2749,201583,2449,2755,200768,201941,201978,93,2,9,2.0,9.0,1119,1212,2,PT05M21.00S,2,PT03M48.00S,42,32,44,41,44.491,38.919,46.491,47.919,2011-12-26,0,0,1,1
21100008,10,1610612753,1610612745,2202,2730,2749,200755,201175,2223,2449,2755,200768,201978,58,2,0,2.0,1.127,1212,1270,2,PT03M48.00S,2,PT02M50.00S,44,41,46,41,46.491,47.919,48.491,49.047,2011-12-26,0,0,1,1
21100008,11,1610612753,1610612745,2045,2730,2749,200755,201175,2223,2449,2755,200768,201978,84,3,6,3.0,4.379,1270,1354,2,PT02M50.00S,2,PT01M26.00S,46,41,49,47,48.491,49.047,51.491,53.426,2011-12-26,0,0,1,1
21100008,12,1610612753,1610612745,201175,2045,2730,2749,200755,2223,2449,2755,200768,201978,455,17,13,19.198,16.239,1354,1809,2,PT01M26.00S,3,PT05M51.00S,49,47,66,60,51.491,53.426,70.688,69.665,2011-12-26,1,0,1,1
21100008,13,1610612753,1610612745,2045,2730,2749,200755,201175,2223,2449,2755,200768,201584,63,0,3,0.0,1.492,1809,1872,3,PT05M51.00S,3,PT04M48.00S,66,60,66,63,70.688,69.665,70.688,71.157,2011-12-26,1,0,1,1
21100008,14,1610612753,1610612745,2045,2730,2768,200755,201175,2223,2449,2755,200768,201584,134,6,2,6.0,1.336,1872,2006,3,PT04M48.00S,3,PT02M34.00S,66,63,72,65,70.688,71.157,76.688,72.493,2011-12-26,1,0,1,1
21100009,0,1610612739,1610612761,1515,1712,2760,201956,202681,2446,101161,101181,200745,201942,213,4,5,5.053,4.332,0,213,1,PT12M00.00S,1,PT08M27.00S,0,0,4,5,0.0,0.0,5.053,4.332,2011-12-26,0,0,1,1
21100009,1,1610612739,1610612761,1515,1712,2760,201956,202681,101161,101181,200745,201942,201949,270,8,11,6.131,11.697,213,483,1,PT08M27.00S,1,PT03M57.00S,4,5,12,16,5.053,4.332,11.184,16.029,2011-12-26,0,0,1,1
21100009,2,1610612739,1610612761,1515,1712,2760,201196,202087,2571,101161,200745,201573,201949,25,2,0,2.0,0.0,483,508,1,PT03M57.00S,1,PT03M32.00S,12,16,14,16,11.184,16.029,13.184,16.029,2011-12-26,0,0,1,1
21100009,3,1610612739,1610612761,2760,200789,201196,202087,202684,2571,101161,201573,201949,202334,45,0,2,0.0,2.0,508,553,1,PT03M32.00S,1,PT02M47.00S,14,16,14,18,13.184,16.029,13.184,18.029,2011-12-26,0,0,1,1
21100009,4,1610612739,1610612761,200789,200797,201196,202087,202684,2048,2571,201573,201949,202334,507,19,22,17.011,17.933,553,1060,1,PT02M47.00S,2,PT06M20.00S,14,18,33,40,13.184,18.029,30.195,35.962,2011-12-26,0,0,1,1
21100009,5,1610612739,1610612761,1712,2760,200789,201196,202087,2048,2571,201573,201949,202334,37,0,2,0.0,2.0,1060,1097,2,PT06M20.00S,2,PT05M43.00S,33,40,33,42,30.195,35.962,30.195,37.962,2011-12-26,0,0,1,1
21100009,6,1610612739,1610612761,1515,1712,2760,201956,202681,2571,101161,200745,201573,201949,92,2,0,3.181,1.003,1097,1189,2,PT05M43.00S,2,PT04M11.00S,33,42,35,42,30.195,37.962,33.376,38.965,2011-12-26,0,0,1,1
21100009,7,1610612739,1610612761,1515,1712,2760,201956,202681,101161,101181,200745,201942,201949,219,6,8,6.418,8.0,1189,1408,2,PT04M11.00S,2,PT00M31.60S,35,42,41,50,33.376,38.965,39.794,46.965,2011-12-26,0,0,1,1
21100009,8,1610612739,1610612761,1712,2760,201956,202087,202681,101161,101181,200745,201942,201949,439,11,17,14.508,14.632,1408,1847,2,PT00M31.60S,3,PT05M13.00S,41,50,52,67,39.794,46.965,54.302,61.597,2011-12-26,0,0,1,1
21100009,9,1610612739,1610612761,1712,2760,200789,201196,202087,2571,101161,101181,200745,201949,33,2,0,2.972,0.0,1847,1880,3,PT05M13.00S,3,PT04M40.00S,52,67,54,67,54.302,61.597,57.274,61.597,2011-12-26,0,0,1,1
21100009,10,1610612739,1610612761,2760,200789,201196,202087,202684,2571,101161,101181,201949,202334,61,4,2,2.286,2.0,1880,1941,3,PT04M40.00S,3,PT03M39.00S,54,67,58,69,57.274,61.597,59.56,63.597,2011-12-26,0,0,1,1
21100009,11,1610612739,1610612761,2760,200789,201196,202087,202684,2571,101161,201573,201949,202334,37,2,3,2.0,3.0,1941,1978,3,PT03M39.00S,3,PT03M02.00S,58,69,60,72,59.56,63.597,61.56,66.597,2011-12-26,0,0,1,1
21100009,12,1610612739,1610612761,200789,200797,201196,202087,202684,2571,101161,201573,201949,202334,4,2,1,2.0,1.0,1978,1982,3,PT03M02.00S,3,PT02M58.00S,60,72,62,73,61.56,66.597,63.56,67.597,2011-12-26,0,0,1,1
21100009,13,1610612739,1610612761,200789,200797,201196,202087,202684,2048,2571,201573,201949,202334,308,16,9,18.032,8.497,1982,2290,3,PT02M58.00S,4,PT09M50.00S,62,73,78,82,63.56,67.597,81.591,76.094,2011-12-26,0,0,1,1
21100009,14,1610612739,1610612761,200789,200797,201196,202087,202684,2048,2571,101181,201949,202334,75,2,2,2.0,3.2,2290,2365,4,PT09M50.00S,4,PT08M35.00S,78,82,80,84,81.591,76.094,83.591,79.294,2011-12-26,0,0,1,1
21100009,15,1610612739,1610612761,1712,200789,200797,201196,202087,2571,101161,101181,200745,201949,60,3,2,1.256,1.659,2365,2425,4,PT08M35.00S,4,PT07M35.00S,80,84,83,86,83.591,79.294,84.847,80.953,2011-12-26,0,0,1,1
21100009,16,1610612739,1610612761,1712,2760,200789,201196,202087,2571,101161,101181,200745,201949,45,0,2,0.0,2.0,2425,2470,4,PT07M35.00S,4,PT06M50.00S,83,86,83,88,84.847,80.953,84.847,82.953,2011-12-26,0,0,1,1
21100009,17,1610612739,1610612761,1712,2760,200789,201196,202087,101161,101181,200745,201942,201949,82,2,4,2.972,4.0,2470,2552,4,PT06M50.00S,4,PT05M28.00S,83,88,85,92,84.847,82.953,87.82,86.953,2011-12-26,0,0,1,1
21100009,18,1610612739,1610612761,1515,1712,2760,202087,202681,101161,101181,200745,201942,201949,328,11,12,10.654,12.469,2552,2880,4,PT05M28.00S,4,PT00M00.00S,85,92,96,104,87.82,86.953,98.474,99.422,2011-12-26,0,0,1,1
21100010,0,1610612754,1610612765,2561,101122,201579,201954,202331,2419,2732,201155,201973,202328,255,0,0,-1.715,1.115,0,255,1,PT12M00.00S,1,PT07M45.00S,0,0,0,0,0.0,0.0,-1.715,1.115,2011-12-26,0,0,1,1
21100010,1,1610612754,1610612765,2561,101122,201579,201954,202331,2419,2732,201973,202328,202688,36,13,8,13.0,8.0,255,291,1,PT07M45.00S,1,PT07M09.00S,0,0,13,8,-1.715,1.115,11.285,9.115,2011-12-26,0,0,1,1
21100010,2,1610612754,1610612765,2561,101122,201579,201954,202331,2419,2732,101131,201973,202688,12,1,1,1.0,1.0,291,303,1,PT07M09.00S,1,PT06M57.00S,13,8,14,9,11.285,9.115,12.285,10.115,2011-12-26,0,0,1,1
21100010,3,1610612754,1610612765,2561,101122,201579,201588,201954,2419,2732,101131,201973,202688,32,-14,-9,-14.0,-9.0,303,335,1,PT06M57.00S,1,PT06M25.00S,14,9,0,0,12.285,10.115,-1.715,1.115,2011-12-26,0,0,1,1
21100010,4,1610612754,1610612765,101122,201579,201588,201946,201954,2419,2732,101131,201973,202688,111,0,0,1.09,1.114,335,446,1,PT06M25.00S,1,PT04M34.00S,0,0,0,0,-1.715,1.115,-0.625,2.23,2011-12-26,0,0,1,1
21100010,5,1610612754,1610612765,101122,201579,201588,201946,201954,2732,101131,201948,201973,202688,53,0,0,0.0,0.0,446,499,1,PT04M34.00S,1,PT03M41.00S,0,0,0,0,-0.625,2.23,-0.625,2.23,2011-12-26,0,0,1,1
21100010,6,1610612754,1610612765,101122,201579,201588,201946,201954,1112,2732,101131,201948,202688,83,0,0,0.0,1.033,499,582,1,PT03M41.00S,1,PT02M18.00S,0,0,0,0,-0.625,2.23,-0.625,3.262,2011-12-26,0,0,1,1
21100010,7,1610612754,1610612765,101122,201579,201588,201946,201954,1112,101131,101198,201948,202688,63,0,0,0.0,0.0,582,645,1,PT02M18.00S,1,PT01M15.00S,0,0,0,0,-0.625,3.262,-0.625,3.262,2011-12-26,0,0,1,1
21100010,8,1610612754,1610612765,2561,101122,201588,201946,202362,1112,101131,101198,201948,202688,220,0,0,0.0,-0.56,645,865,1,PT01M15.00S,2,PT09M35.00S,0,0,0,0,-0.625,3.262,-0.625,2.702,2011-12-26,0,0,1,1
21100010,9,1610612754,1610612765,2561,101122,201588,201946,202362,2419,101131,101198,202328,202688,140,0,0,0.0,-1.757,865,1005,2,PT09M35.00S,2,PT07M15.00S,0,0,0,0,-0.625,2.702,-0.625,0.945,2011-12-26,0,0,1,1
21100010,10,1610612754,1610612765,2561,101122,201588,201946,201954,1112,2419,2732,101131,202688,71,0,0,0.0,0.0,1005,1076,2,PT07M15.00S,2,PT06M04.00S,0,0,0,0,-0.625,0.945,-0.625,0.945,2011-12-26,0,0,1,1
21100010,11,1610612754,1610612765,2561,101122,201579,201588,201954,1112,2419,2732,101131,202688,50,0,0,0.0,0.0,1076,1126,2,PT06M04.00S,2,PT05M14.00S,0,0,0,0,-0.625,0.945,-0.625,0.945,2011-12-26,0,0,1,1
21100010,12,1610612754,1610612765,2561,101122,201579,201954,202331,1112,2419,2732,101131,202688,232,0,0,-2.09,1.044,1126,1358,2,PT05M14.00S,2,PT01M22.00S,0,0,0,0,-0.625,0.945,-2.715,1.989,2011-12-26,0,0,1,1
21100010,13,1610612754,1610612765,2561,101122,201579,201954,202331,1112,2419,2732,101131,202688,296,0,0,-0.744,2.018,1358,1654,2,PT01M22.00S,3,PT08M26.00S,0,0,0,0,-2.715,1.989,-3.459,4.008,2011-12-26,0,0,1,1
21100010,14,1610612754,1610612765,2561,2563,201588,201946,202331,1112,101131,101198,201948,202688,99,0,0,0.0,-0.642,2001,2100,3,PT02M39.00S,3,PT01M00.00S,0,0,0,0,-5.859,1.809,-5.859,1.167,2011-12-26,0,0,1,1
21100010,15,1610612754,1610612765,2561,2563,201588,201946,202331,1112,2732,101131,101198,201948,101,78,58,80.265,58.95,2100,2201,3,PT01M00.00S,4,PT11M19.00S,0,0,78,58,-5.859,1.167,74.407,60.118,2011-12-26,0,0,1,1
21100010,16,1610612754,1610612765,2561,101122,201588,201946,202331,1112,2732,101131,101198,201948,64,-78,-58,-78.0,-58.0,2201,2265,4,PT11M19.00S,4,PT10M15.00S,78,58,0,0,74.407,60.118,-3.593,2.118,2011-12-26,0,0,1,1
21100010,17,1610612754,1610612765,2561,101122,201588,201946,202331,1112,2419,2732,101198,202328,66,0,0,0.0,1.115,2265,2331,4,PT10M15.00S,4,PT09M09.00S,0,0,0,0,-3.593,2.118,-3.593,3.233,2011-12-26,0,0,1,1
21100010,18,1610612754,1610612765,2561,101122,201946,201954,202331,1112,2419,2732,101198,202328,21,0,0,0.0,0.0,2331,2352,4,PT09M09.00S,4,PT08M48.00S,0,0,0,0,-3.593,3.233,-3.593,3.233,2011-12-26,0,0,1,1
21100010,19,1610612754,1610612765,2561,101122,201946,201954,202331,1112,2419,2732,201155,202328,130,85,64,81.756,62.497,2352,2482,4,PT08M48.00S,4,PT06M38.00S,0,0,85,64,-3.593,3.233,78.163,65.73,2011-12-26,0,0,1,1
21100010,20,1610612754,1610612765,101122,201579,201946,201954,202331,2419,2732,201155,201973,202328,192,2,8,2.0,8.0,2482,2674,4,PT06M38.00S,4,PT03M26.00S,85,64,87,72,78.163,65.73,80.163,73.73,2011-12-26,0,0,1,1
21100010,21,1610612754,1610612765,101122,201579,201588,201946,201954,2419,2732,201155,201973,202328,206,4,7,5.052,6.463,2674,2880,4,PT03M26.00S,4,PT00M00.00S,87,72,91,79,80.163,73.73,85.215,80.193,2011-12-26,0,0,1,1
21100011,0,1610612750,1610612760,2545,2557,201563,201567,202325,2570,200757,201142,201566,201586,293,0,0,0.983,1.032,0,293,1,PT12M00.00S,1,PT07M07.00S,0,0,0,0,0.0,0.0,0.983,1.032,2011-12-26,0,0,1,1
21100011,1,1610612750,1610612760,2545,200826,201563,201567,202325,2570,200757,201142,201566,201586,127,15,11,13.358,13.155,293,420,1,PT07M07.00S,1,PT05M00.00S,0,0,15,11,0.983,1.032,14.341,14.187,2011-12-26,0,0,1,1
21100011,2,1610612750,1610612760,200826,201229,201563,201567,202325,2570,200757,201142,201566,201586,104,-15,-11,-13.931,-11.0,420,524,1,PT05M00.00S,1,PT03M16.00S,15,11,0,0,14.341,14.187,0.409,3.187,2011-12-26,0,0,1,1
21100011,3,1610612750,1610612760,200826,201229,201563,201567,201937,2555,2570,201142,201935,201953,86,0,0,1.008,1.233,524,610,1,PT03M16.00S,1,PT01M50.00S,0,0,0,0,0.409,3.187,1.418,4.42,2011-12-26,0,0,1,1
21100011,4,1610612750,1610612760,200826,201229,201563,201567,201937,1737,2555,201142,201935,201953,64,23,20,24.136,20.0,610,674,1,PT01M50.00S,1,PT00M46.20S,0,0,23,20,1.418,4.42,25.553,24.42,2011-12-26,0,0,1,1
21100011,5,1610612750,1610612760,200826,201229,201567,201937,202682,1737,2555,201161,201935,201953,177,-23,-20,-21.08,-18.409,674,851,1,PT00M46.20S,2,PT09M49.00S,23,20,0,0,25.553,24.42,4.473,6.011,2011-12-26,0,0,1,1
21100011,6,1610612750,1610612760,201229,201567,201937,202325,202682,1737,2555,201161,201935,201953,73,0,0,1.064,0.0,851,924,2,PT09M49.00S,2,PT08M36.00S,0,0,0,0,4.473,6.011,5.538,6.011,2011-12-26,0,0,1,1
21100011,7,1610612750,1610612760,201229,201576,201937,202325,202682,1737,2555,201161,201935,201953,46,0,0,0.0,0.0,924,970,2,PT08M36.00S,2,PT07M50.00S,0,0,0,0,5.538,6.011,5.538,6.011,2011-12-26,0,0,1,1
21100011,8,1610612750,1610612760,201229,201576,201937,202325,202682,1737,2555,201161,201566,201935,27,0,0,0.0,0.0,970,997,2,PT07M50.00S,2,PT07M23.00S,0,0,0,0,5.538,6.011,5.538,6.011,2011-12-26,0,0,1,1
21100011,9,1610612750,1610612760,201229,201576,201937,202325,202682,2555,201142,201161,201566,201935,88,0,0,-1.724,1.008,997,1085,2,PT07M23.00S,2,PT05M55.00S,0,0,0,0,5.538,6.011,3.814,7.019,2011-12-26,0,0,1,1
21100011,10,1610612750,1610612760,201563,201576,201937,202325,202682,2570,200757,201142,201566,201935,39,0,0,1.061,0.0,1085,1124,2,PT05M55.00S,2,PT05M16.00S,0,0,0,0,3.814,7.019,4.875,7.019,2011-12-26,0,0,1,1
21100011,11,1610612750,1610612760,201563,201567,201937,202325,202682,2570,200757,201142,201566,201935,87,0,0,0.948,-3.15,1124,1211,2,PT05M16.00S,2,PT03M49.00S,0,0,0,0,4.875,7.019,5.823,3.868,2011-12-26,0,0,1,1
21100011,12,1610612750,1610612760,2557,201229,201563,201567,202325,2570,200757,201142,201566,201586,121,0,0,1.069,0.789,1211,1332,2,PT03M49.00S,2,PT01M48.00S,0,0,0,0,5.823,3.868,6.892,4.658,2011-12-26,0,0,1,1
21100011,13,1610612750,1610612760,2557,201229,201563,201567,202325,2570,201142,201566,201586,201935,371,0,0,0.387,0.0,1332,1703,2,PT01M48.00S,3,PT07M37.00S,0,0,0,0,6.892,4.658,7.279,4.658,2011-12-26,0,0,1,1
21100011,14,1610612750,1610612760,2557,201229,201563,201567,202325,2555,201142,201566,201586,201935,107,0,0,-0.0,0.0,1703,1810,3,PT07M37.00S,3,PT05M50.00S,0,0,0,0,7.279,4.658,7.279,4.658,2011-12-26,0,0,1,1
21100011,15,1610612750,1610612760,2557,200826,201229,201563,201567,2555,201142,201566,201586,201935,89,0,0,-1.642,0.0,1810,1899,3,PT05M50.00S,3,PT04M21.00S,0,0,0,0,7.279,4.658,5.636,4.658,2011-12-26,0,0,1,1
21100011,16,1610612750,1610612760,2557,200826,201229,201563,201567,1737,2555,201142,201566,201935,90,0,0,1.064,0.0,1899,1989,3,PT04M21.00S,3,PT02M51.00S,0,0,0,0,5.636,4.658,6.7,4.658,2011-12-26,0,0,1,1
21100011,17,1610612750,1610612760,200826,201563,201567,201937,202682,2570,200757,201142,201566,201935,261,6,10,5.377,10.0,2619,2880,4,PT04M21.00S,4,PT00M00.00S,94,94,100,104,102.568,93.356,107.944,103.356,2011-12-26,0,0,1,1
21100012,0,1610612742,1610612743,467,1717,1890,2217,2753,2403,201167,201568,201951,202389,318,9,10,6.811,10.5,0,318,1,PT12M00.00S,1,PT06M42.00S,0,0,9,10,0.0,0.0,6.811,10.5,2011-12-26,0,0,1,1
21100012,1,1610612742,1610612743,1717,1890,1891,2217,2753,2403,201167,201568,201951,202389,55,-9,-10,-10.808,-10.0,318,373,1,PT06M42.00S,1,PT05M47.00S,9,10,0,0,6.811,10.5,-3.996,0.5,2011-12-26,0,0,1,1
21100012,2,1610612742,1610612743,1713,1717,1891,2217,2753,1889,2403,201568,201951,202389,52,0,0,1.068,-1.655,373,425,1,PT05M47.00S,1,PT04M55.00S,0,0,0,0,-3.996,0.5,-2.928,-1.155,2011-12-26,0,0,1,1
21100012,3,1610612742,1610612743,1713,1885,1891,2217,2753,1889,2403,201568,201951,202389,35,0,0,0.0,0.0,425,460,1,PT04M55.00S,1,PT04M20.00S,0,0,0,0,-2.928,-1.155,-2.928,-1.155,2011-12-26,0,0,1,1
21100012,4,1610612742,1610612743,1713,1885,1891,2217,2753,1733,1889,2403,201568,201951,118,0,0,-1.638,2.378,460,578,1,PT04M20.00S,1,PT02M22.00S,0,0,0,0,-2.928,-1.155,-4.566,1.223,2011-12-26,0,0,1,1
21100012,5,1610612742,1610612743,1713,1885,1891,2753,101133,1733,1889,2365,201164,201568,78,20,25,21.037,25.0,578,656,1,PT02M22.00S,1,PT01M04.00S,0,0,20,25,-4.566,1.223,16.47,26.223,2011-12-26,0,0,1,1
21100012,6,1610612742,1610612743,1717,1885,1890,1891,201958,1733,1889,2365,201164,201568,46,3,4,1.275,2.281,656,702,1,PT01M04.00S,1,PT00M17.70S,20,25,23,29,16.47,26.223,17.746,28.504,2011-12-26,0,0,1,1
21100012,7,1610612742,1610612743,1717,1885,1890,1891,201958,1733,1889,2365,201164,201167,171,-23,-29,-22.124,-30.641,702,873,1,PT00M17.70S,2,PT09M27.00S,23,29,0,0,17.746,28.504,-4.379,-2.136,2011-12-26,0,0,1,1
21100012,8,1610612742,1610612743,467,1717,1885,1890,1891,1733,1889,2365,201164,201167,115,35,42,35.0,43.011,873,988,2,PT09M27.00S,2,PT07M32.00S,0,0,35,42,-4.379,-2.136,30.621,40.875,2011-12-26,0,0,1,1
21100012,9,1610612742,1610612743,467,1885,1890,1891,2217,1733,1889,2403,201164,201167,110,-35,-42,-35.84,-45.793,988,1098,2,PT07M32.00S,2,PT05M42.00S,35,42,0,0,30.621,40.875,-5.219,-4.918,2011-12-26,0,0,1,1
21100012,10,1610612742,1610612743,467,1885,1890,1891,2217,1733,1889,2403,201164,201951,63,0,0,1.072,0.0,1098,1161,2,PT05M42.00S,2,PT04M39.00S,0,0,0,0,-5.219,-4.918,-4.147,-4.918,2011-12-26,0,0,1,1
21100012,11,1610612742,1610612743,467,1885,1890,1891,2217,1889,2403,201164,201568,201951,33,0,0,0.0,0.0,1161,1194,2,PT04M39.00S,2,PT04M06.00S,0,0,0,0,-4.147,-4.918,-4.147,-4.918,2011-12-26,0,0,1,1
21100012,12,1610612742,1610612743,467,1713,1717,1890,2217,1889,2403,201164,201568,201951,103,41,59,41.0,60.011,1194,1297,2,PT04M06.00S,2,PT02M23.00S,0,0,41,59,-4.147,-4.918,36.853,55.093,2011-12-26,0,0,1,1
21100012,13,1610612742,1610612743,467,1717,1885,1891,2217,1733,2403,201164,201568,201951,98,1,8,1.991,6.345,1297,1395,2,PT02M23.00S,2,PT00M44.90S,41,59,42,67,36.853,55.093,38.844,61.438,2011-12-26,0,0,1,1
21100012,14,1610612742,1610612743,467,1717,1885,1891,2217,1733,2403,201167,201568,201951,3,-42,-67,-42.0,-67.0,1395,1398,2,PT00M44.90S,2,PT00M42.10S,42,67,0,0,38.844,61.438,-3.156,-5.562,2011-12-26,0,0,1,1
21100012,15,1610612742,1610612743,467,1717,1885,2217,202346,1733,2403,201167,201568,201951,310,50,77,52.497,78.619,1398,1708,2,PT00M42.10S,3,PT07M32.00S,0,0,50,77,-3.156,-5.562,49.341,73.057,2011-12-26,0,0,1,1
21100012,16,1610612742,1610612743,467,1717,1885,2073,202346,1733,2403,201167,201568,201951,108,-50,-77,-50.724,-80.408,1708,1816,3,PT07M32.00S,3,PT05M44.00S,50,77,0,0,49.341,73.057,-1.383,-7.351,2011-12-26,0,0,1,1
21100012,17,1610612742,1610612743,1713,1885,2753,101133,202346,201147,201164,201167,201585,201951,205,4,7,5.59,9.022,2675,2880,4,PT03M25.00S,4,PT00M00.00S,89,108,93,115,89.211,104.806,94.801,113.828,2011-12-26,0,0,1,1
21100013,0,1610612759,1610612763,1495,1938,2210,2225,201971,2216,2754,200752,201144,201188,232,0,0,1.174,0.0,0,232,1,PT12M00.00S,1,PT08M08.00S,0,0,0,0,0.0,0.0,1.174,0.0,2011-12-26,0,0,1,1
21100013,1,1610612759,1610612763,1495,1938,2210,2225,201168,2216,2754,200752,201144,201188,71,0,0,0.0,0.0,232,303,1,PT08M08.00S,1,PT06M57.00S,0,0,0,0,1.174,0.0,1.174,0.0,2011-12-26,0,0,1,1
21100013,2,1610612759,1610612763,1495,1938,2225,201168,202695,2216,2754,200752,201144,201188,29,0,0,0.0,0.0,303,332,1,PT06M57.00S,1,PT06M28.00S,0,0,0,0,1.174,0.0,1.174,0.0,2011-12-26,0,0,1,1
21100013,3,1610612759,1610612763,1938,2225,2588,201168,202695,2216,2754,200752,201144,201188,158,0,0,0.651,0.0,332,490,1,PT06M28.00S,1,PT03M50.00S,0,0,0,0,1.174,0.0,1.825,0.0,2011-12-26,0,0,1,1
21100013,4,1610612759,1610612763,2225,2588,201168,202341,202695,200752,201144,201188,201564,201967,75,0,0,-1.699,0.0,490,565,1,PT03M50.00S,1,PT02M35.00S,0,0,0,0,1.825,0.0,0.126,0.0,2011-12-26,0,0,1,1
21100013,5,1610612759,1610612763,2551,2588,201168,202341,202695,201144,201188,201564,201967,201970,30,0,0,0.0,0.0,565,595,1,PT02M35.00S,1,PT02M05.00S,0,0,0,0,0.126,0.0,0.126,0.0,2011-12-26,0,0,1,1
21100013,6,1610612759,1610612763,2551,2588,201168,202341,202695,201188,201564,201967,201970,202951,41,0,0,2.17,0.0,595,636,1,PT02M05.00S,1,PT01M24.00S,0,0,0,0,0.126,0.0,2.295,0.0,2011-12-26,0,0,1,1
21100013,7,1610612759,1610612763,2210,2551,2588,201168,202341,201188,201564,201967,201970,202951,258,0,0,-0.525,0.883,636,894,1,PT01M24.00S,2,PT09M06.00S,0,0,0,0,2.295,0.0,1.77,0.883,2011-12-26,0,0,1,1
21100013,8,1610612759,1610612763,2210,2551,2588,201168,202341,200752,201188,201564,202347,202951,20,0,0,0.0,0.0,894,914,2,PT09M06.00S,2,PT08M46.00S,0,0,0,0,1.77,0.883,1.77,0.883,2011-12-26,0,0,1,1
21100013,9,1610612759,1610612763,1938,2210,2551,201168,201971,200752,201188,201564,202347,202951,41,0,0,0.0,0.0,914,955,2,PT08M46.00S,2,PT08M05.00S,0,0,0,0,1.77,0.883,1.77,0.883,2011-12-26,0,0,1,1
21100013,10,1610612759,1610612763,1938,2210,2551,201168,201971,2216,2754,200752,201188,202347,61,0,0,1.088,0.0,955,1016,2,PT08M05.00S,2,PT07M04.00S,0,0,0,0,1.77,0.883,2.858,0.883,2011-12-26,0,0,1,1
21100013,11,1610612759,1610612763,1938,2210,2225,2588,201971,2216,2754,200752,201144,201188,127,34,28,31.878,28.0,1016,1143,2,PT07M04.00S,2,PT04M57.00S,0,0,34,28,2.858,0.883,34.737,28.883,2011-12-26,0,0,1,1
21100013,12,1610612759,1610612763,1938,2225,2588,201971,202341,2216,2754,200752,201144,201188,6,-34,-28,-34.0,-28.0,1143,1149,2,PT04M57.00S,2,PT04M51.00S,34,28,0,0,34.737,28.883,0.737,0.883,2011-12-26,0,0,1,1
21100013,13,1610612759,1610612763,1938,2225,2588,201168,202341,2216,2754,200752,201144,201188,9,0,0,0.0,0.0,1149,1158,2,PT04M51.00S,2,PT04M42.00S,0,0,0,0,0.737,0.883,0.737,0.883,2011-12-26,0,0,1,1
21100013,14,1610612759,1610612763,1938,2225,2588,201168,202341,2216,200752,201144,201188,202347,53,37,30,37.0,30.0,1158,1211,2,PT04M42.00S,2,PT03M49.00S,0,0,37,30,0.737,0.883,37.737,30.883,2011-12-26,0,0,1,1
21100013,15,1610612759,1610612763,1938,2225,2588,201168,202341,2216,200752,201144,201188,201564,161,-37,-30,-36.453,-31.484,1211,1372,2,PT03M49.00S,2,PT01M08.00S,37,30,0,0,37.737,30.883,1.284,-0.601,2011-12-26,0,0,1,1
21100013,16,1610612759,1610612763,1938,2210,2225,2588,201168,1730,200752,201144,201564,202347,51,43,44,43.0,44.0,1372,1423,2,PT01M08.00S,2,PT00M16.60S,0,0,43,44,1.284,-0.601,44.284,43.399,2011-12-26,0,0,1,1
21100013,17,1610612759,1610612763,1938,2210,2225,201168,202341,1730,200752,201144,201564,202347,136,-43,-44,-43.702,-44.0,1423,1559,2,PT00M16.60S,3,PT10M01.00S,43,44,0,0,44.284,43.399,0.582,-0.601,2011-12-26,0,0,1,1
21100013,18,1610612759,1610612763,1938,2210,2225,201168,202341,1730,200752,201144,201564,202347,95,51,47,53.111,47.0,1559,1654,3,PT10M01.00S,3,PT08M26.00S,0,0,51,47,0.582,-0.601,53.693,46.399,2011-12-26,0,0,1,1
21100013,19,1610612759,1610612763,1938,2210,2225,201168,202341,1730,200752,201144,201564,202347,102,-51,-47,-51.523,-47.0,1654,1756,3,PT08M26.00S,3,PT06M44.00S,51,47,0,0,53.693,46.399,2.17,-0.601,2011-12-26,0,0,1,1
21100013,20,1610612759,1610612763,1938,2225,201168,202341,202695,1730,200752,201564,202347,202951,42,0,0,0.0,0.0,1756,1798,3,PT06M44.00S,3,PT06M02.00S,0,0,0,0,2.17,-0.601,2.17,-0.601,2011-12-26,0,0,1,1
21100013,21,1610612759,1610612763,1938,2551,201168,202341,202695,1730,200752,201564,202347,202951,50,0,0,1.254,0.0,1798,1848,3,PT06M02.00S,3,PT05M12.00S,0,0,0,0,2.17,-0.601,3.423,-0.601,2011-12-26,0,0,1,1
21100014,0,1610612756,1610612740,255,959,101112,101162,201162,2731,2772,201158,201171,201569,335,10,10,10.744,11.133,0,335,1,PT12M00.00S,1,PT06M25.00S,0,0,10,10,0.0,0.0,10.744,11.133,2011-12-26,0,0,1,1
21100014,1,1610612756,1610612740,255,959,101112,201162,201577,2731,2772,201171,201569,202349,34,0,0,0.983,0.0,335,369,1,PT06M25.00S,1,PT05M51.00S,10,10,10,10,10.744,11.133,11.728,11.133,2011-12-26,0,0,1,1
21100014,2,1610612756,1610612740,255,959,201162,201577,202693,2731,2772,201171,201569,202349,35,0,2,1.095,2.0,369,404,1,PT05M51.00S,1,PT05M16.00S,10,10,10,12,11.728,11.133,12.823,13.133,2011-12-26,0,0,1,1
21100014,3,1610612756,1610612740,255,959,201162,201577,202693,2549,2772,201171,201569,202349,26,2,0,2.0,0.0,404,430,1,PT05M16.00S,1,PT04M50.00S,10,12,12,12,12.823,13.133,14.823,13.133,2011-12-26,0,0,1,1
21100014,4,1610612756,1610612740,255,959,201162,201577,202693,2549,201171,201569,202329,202349,30,2,0,2.0,0.0,430,460,1,PT04M50.00S,1,PT04M20.00S,12,12,14,12,14.823,13.133,16.823,13.133,2011-12-26,0,0,1,1
21100014,5,1610612756,1610612740,959,2735,201162,201577,202693,2549,201171,201569,202329,202349,11,0,0,0.0,0.0,460,471,1,PT04M20.00S,1,PT04M09.00S,14,12,14,12,16.823,13.133,16.823,13.133,2011-12-26,0,0,1,1
21100014,6,1610612756,1610612740,959,2735,201162,201577,202693,2549,201160,201569,202329,202349,114,2,7,2.0,5.321,471,585,1,PT04M09.00S,1,PT02M15.00S,14,12,16,19,16.823,13.133,18.823,18.454,2011-12-26,0,0,1,1
21100014,7,1610612756,1610612740,2735,101179,201162,201577,202693,2549,201160,201569,202329,202349,95,2,2,2.998,2.0,585,680,1,PT02M15.00S,1,PT00M39.70S,16,19,18,21,18.823,18.454,21.82,20.454,2011-12-26,0,0,1,1
21100014,8,1610612756,1610612740,2735,101179,201162,201577,202693,2549,201158,201160,202329,202349,28,2,0,2.0,1.176,680,708,1,PT00M39.70S,1,PT00M12.40S,18,21,20,21,21.82,20.454,23.82,21.63,2011-12-26,0,0,1,1
21100014,9,1610612756,1610612740,2735,101179,200769,201577,202693,2549,201158,201160,202329,202349,195,5,6,4.237,7.028,708,903,1,PT00M12.40S,2,PT08M57.00S,20,21,25,27,23.82,21.63,28.057,28.658,2011-12-26,0,0,1,1
21100014,10,1610612756,1610612740,2735,101179,200769,201577,202693,2549,201158,201160,201569,202349,97,2,2,3.019,3.074,903,1000,2,PT08M57.00S,2,PT07M20.00S,25,27,27,29,28.057,28.658,31.076,31.733,2011-12-26,0,0,1,1
21100014,11,1610612756,1610612740,2735,101112,101162,101179,200769,2731,2772,201171,201569,202349,66,1,4,1.937,4.0,1000,1066,2,PT07M20.00S,2,PT06M14.00S,27,29,28,33,31.076,31.733,33.013,35.733,2011-12-26,0,0,1,1
21100014,12,1610612756,1610612740,959,2735,101112,101162,200769,2731,2772,201171,201569,202349,85,4,2,2.381,3.074,1066,1151,2,PT06M14.00S,2,PT04M49.00S,28,33,32,35,33.013,35.733,35.394,38.807,2011-12-26,0,0,1,1
21100014,13,1610612756,1610612740,255,959,101112,101162,200769,2731,2772,201171,201569,202349,36,0,0,0.911,0.0,1151,1187,2,PT04M49.00S,2,PT04M13.00S,32,35,32,35,35.394,38.807,36.305,38.807,2011-12-26,0,0,1,1
21100014,14,1610612756,1610612740,255,959,101112,101162,200769,2731,2772,201158,201171,201569,54,0,2,1.19,2.0,1187,1241,2,PT04M13.00S,2,PT03M19.00S,32,35,32,37,36.305,38.807,37.495,40.807,2011-12-26,0,0,1,1
21100014,15,1610612756,1610612740,255,959,101112,101162,201162,2731,2772,201171,201291,201569,144,5,8,4.467,6.344,1241,1385,2,PT03M19.00S,2,PT00M55.00S,32,37,37,45,37.495,40.807,41.962,47.15,2011-12-26,0,0,1,1
21100014,16,1610612756,1610612740,255,959,101112,201162,201577,201158,201160,201171,201569,202349,187,13,4,13.0,5.09,1385,1572,2,PT00M55.00S,3,PT09M48.00S,37,45,50,49,41.962,47.15,54.962,52.241,2011-12-26,0,0,1,1
21100014,17,1610612756,1610612740,2742,200769,201162,201577,202693,2549,2772,201171,201569,202349,35,0,2,0.0,2.0,2363,2398,4,PT08M37.00S,4,PT08M02.00S,72,66,72,68,77.978,76.746,77.978,78.746,2011-12-26,0,0,1,1
21100014,18,1610612756,1610612740,255,959,201162,201577,202693,2549,2772,201158,201171,201569,229,6,8,7.182,7.434,2539,2768,4,PT05M41.00S,4,PT01M52.00S,76,73,82,81,82.976,83.746,90.157,91.18,2011-12-26,0,0,1,1
21100014,19,1610612756,1610612740,255,959,201162,201577,202693,2731,2772,201158,201171,201569,112,2,4,2.0,4.0,2768,2880,4,PT01M52.00S,4,PT00M00.50S,82,81,84,85,90.157,91.18,92.157,95.18,2011-12-26,0,0,1,1
21100015,0,1610612758,1610612747,2422,101236,201936,201977,202326,965,977,2200,201177,202365,354,0,0,1.575,3.036,0,354,1,PT12M00.00S,1,PT06M06.00S,0,0,0,0,0.0,0.0,1.575,3.036,2011-12-26,0,0,1,1
21100015,1,1610612758,1610612747,2422,201581,201936,202326,202690,965,977,2200,201177,202365,34,8,8,8.0,8.0,354,388,1,PT06M06.00S,1,PT05M32.00S,0,0,8,8,1.575,3.036,9.575,11.036,2011-12-26,0,0,1,1
21100015,2,1610612758,1610612747,2422,201581,201936,202326,202690,965,977,1897,2211,201177,229,-8,-8,-9.574,-8.0,388,617,1,PT05M32.00S,1,PT01M43.00S,8,8,0,0,9.575,11.036,0.001,3.036,2011-12-26,0,0,1,1
21100015,3,1610612758,1610612747,2566,201574,201581,201936,202690,1897,2200,2211,2581,202726,44,0,0,0.0,0.998,617,661,1,PT01M43.00S,1,PT00M59.00S,0,0,0,0,0.001,3.036,0.001,4.034,2011-12-26,0,0,1,1
21100015,4,1610612758,1610612747,2566,201574,201581,201977,202690,1897,2200,2211,2581,202726,295,0,0,0.604,1.418,661,956,1,PT00M59.00S,2,PT08M04.00S,0,0,0,0,0.001,4.034,0.605,5.451,2011-12-26,0,0,1,1
21100015,5,1610612758,1610612747,2566,201574,201581,201936,202690,1897,2200,2211,2581,202726,52,0,0,0.0,0.0,956,1008,2,PT08M04.00S,2,PT07M12.00S,0,0,0,0,0.605,5.451,0.605,5.451,2011-12-26,0,0,1,1
21100015,6,1610612758,1610612747,2566,201574,201581,201936,202690,977,1897,2200,2211,2581,36,0,0,-1.697,0.0,1008,1044,2,PT07M12.00S,2,PT06M36.00S,0,0,0,0,0.605,5.451,-1.091,5.451,2011-12-26,0,0,1,1
21100015,7,1610612758,1610612747,2566,201574,201581,201936,202690,977,1897,2211,2581,201177,89,0,0,1.01,1.076,1044,1133,2,PT06M36.00S,2,PT05M07.00S,0,0,0,0,-1.091,5.451,-0.081,6.527,2011-12-26,0,0,1,1
21100015,8,1610612758,1610612747,2422,101236,201574,201936,201977,965,977,2200,201177,202365,84,0,0,0.0,0.0,1298,1382,2,PT02M22.00S,2,PT00M57.70S,0,0,0,0,-0.081,6.527,-0.081,6.527,2011-12-26,0,0,1,1
21100015,9,1610612758,1610612747,2422,101236,201574,201936,202690,965,977,2211,201177,202365,23,0,0,0.0,0.0,1382,1405,2,PT00M57.70S,2,PT00M35.20S,0,0,0,0,-0.081,6.527,-0.081,6.527,2011-12-26,0,0,1,1
21100015,10,1610612758,1610612747,2566,101236,201936,202690,202738,977,2211,2581,201177,202365,5,46,40,46.0,40.0,1405,1410,2,PT00M35.20S,2,PT00M29.80S,0,0,46,40,-0.081,6.527,45.919,46.527,2011-12-26,0,0,1,1
21100015,11,1610612758,1610612747,202690,2566,101236,201936,202738,977,2211,2581,201177,202365,55,-46,-40,-47.579,-39.049,1410,1465,2,PT00M29.80S,3,PT11M35.00S,46,40,0,0,45.919,46.527,-1.661,7.477,2011-12-26,1,0,1,1
21100016,0,1610612757,1610612755,948,2222,101109,200746,202083,1882,2738,201150,201950,201975,385,12,5,13.165,7.165,0,385,1,PT12M00.00S,1,PT05M35.00S,0,0,12,5,0.0,0.0,13.165,7.165,2011-12-26,0,0,1,1
21100016,1,1610612757,1610612755,948,2222,101109,200746,202083,2738,101150,201150,201152,201950,32,2,1,2.0,1.0,385,417,1,PT05M35.00S,1,PT05M03.00S,12,5,14,6,13.165,7.165,15.165,8.165,2011-12-26,0,0,1,1
21100016,2,1610612757,1610612755,948,101109,200746,201587,202083,2738,101150,201150,201152,201950,50,0,2,1.08,3.053,417,467,1,PT05M03.00S,1,PT04M13.00S,14,6,14,8,15.165,8.165,16.245,11.217,2011-12-26,0,0,1,1
21100016,3,1610612757,1610612755,948,101109,200746,201587,202083,1882,2738,101150,201152,201950,123,6,5,6.0,3.338,467,590,1,PT04M13.00S,1,PT02M10.00S,14,8,20,13,16.245,11.217,22.245,14.555,2011-12-26,0,0,1,1
21100016,4,1610612757,1610612755,703,2037,101109,200746,201587,1882,2738,101150,201152,201950,26,2,0,2.0,0.0,590,616,1,PT02M10.00S,1,PT01M44.00S,20,13,22,13,22.245,14.555,24.245,14.555,2011-12-26,0,0,1,1
21100016,5,1610612757,1610612755,703,2037,101109,200746,201587,1882,2738,101150,201152,202323,214,7,9,6.293,9.968,616,830,1,PT01M44.00S,2,PT10M10.00S,22,13,29,22,24.245,14.555,30.538,24.523,2011-12-26,0,0,1,1
21100016,6,1610612757,1610612755,948,2222,101109,200746,202083,1882,2738,201152,201950,202323,52,2,0,2.0,0.0,1090,1142,2,PT05M50.00S,2,PT04M58.00S,38,35,40,35,37.935,37.523,39.935,37.523,2011-12-26,0,0,1,1
21100016,7,1610612757,1610612755,948,101109,200746,201587,202083,2738,101150,201152,201950,202323,53,0,4,0.961,4.0,1814,1867,3,PT05M46.00S,3,PT04M53.00S,66,56,66,60,65.877,57.829,66.838,61.829,2011-12-26,0,0,1,1
21100016,8,1610612757,1610612755,703,2037,101109,200746,201587,1882,2738,101150,201152,202323,52,1,0,1.0,0.0,2002,2054,3,PT02M38.00S,3,PT01M46.00S,71,66,72,66,72.903,65.937,73.903,65.937,2011-12-26,0,0,1,1
21100016,9,1610612757,1610612755,703,2037,200746,201587,202083,1882,2738,101150,201152,202323,238,10,8,7.838,10.108,2054,2292,3,PT01M46.00S,4,PT09M48.00S,72,66,82,74,73.903,65.937,81.741,76.046,2011-12-26,0,0,1,1
21100016,10,1610612757,1610612755,703,2037,200746,201587,202083,2738,101150,201150,201152,202323,63,2,3,2.0,1.429,2292,2355,4,PT09M48.00S,4,PT08M45.00S,82,74,84,77,81.741,76.046,83.741,77.475,2011-12-26,0,0,1,1
21100016,11,1610612757,1610612755,948,2037,200746,201587,202083,1882,2738,201150,201950,202323,8,0,1,0.0,1.0,2469,2477,4,PT06M51.00S,4,PT06M43.00S,92,79,92,80,89.305,80.565,89.305,81.565,2011-12-26,0,0,1,1
21100016,12,1610612757,1610612755,948,101109,200746,201587,202083,1882,2738,201150,201950,202323,108,4,4,2.358,4.0,2477,2585,4,PT06M43.00S,4,PT04M55.00S,92,80,96,84,89.305,81.565,91.663,85.565,2011-12-26,0,0,1,1
21100016,13,1610612757,1610612755,948,2222,101109,200746,202083,1882,2738,201150,201950,202323,39,1,0,1.0,0.0,2585,2624,4,PT04M55.00S,4,PT04M16.00S,96,84,97,84,91.663,85.565,92.663,85.565,2011-12-26,0,0,1,1
21100016,14,1610612757,1610612755,948,2222,101109,200746,202083,2738,201150,201152,201950,202323,87,3,9,3.0,3.84,2624,2711,4,PT04M16.00S,4,PT02M49.00S,97,84,100,93,92.663,85.565,95.663,89.405,2011-12-26,0,0,1,1
21100016,15,1610612757,1610612755,2037,2222,101109,200746,202083,2738,201150,201152,201950,202323,10,1,0,1.0,0.0,2711,2721,4,PT02M49.00S,4,PT02M39.00S,100,93,101,93,95.663,89.405,96.663,89.405,2011-12-26,0,0,1,1
21100016,16,1610612757,1610612755,948,2222,101109,200746,202083,2738,101150,201150,201152,201950,70,0,2,0.0,2.0,2721,2791,4,PT02M39.00S,4,PT01M29.00S,101,93,101,95,96.663,89.405,96.663,91.405,2011-12-26,0,0,1,1
21100016,17,1610612757,1610612755,2037,2222,101109,200746,202083,2738,101150,201150,201152,201950,36,2,2,2.0,2.0,2791,2827,4,PT01M29.00S,4,PT00M53.30S,101,95,103,97,96.663,91.405,98.663,93.405,2011-12-26,0,0,1,1
21100016,18,1610612757,1610612755,948,2222,101109,200746,202083,2738,101150,201150,201152,201950,30,0,3,0.0,2.314,2827,2857,4,PT00M53.30S,4,PT00M23.30S,103,97,103,100,98.663,93.405,98.663,95.719,2011-12-26,0,0,1,1
21100016,19,1610612757,1610612755,2037,2222,101109,200746,202083,2738,101150,201152,201950,202323,1,0,0,0.0,0.0,2857,2858,4,PT00M23.30S,4,PT00M22.50S,103,100,103,100,98.663,95.719,98.663,95.719,2011-12-26,0,0,1,1
21100016,20,1610612757,1610612755,2222,101109,200746,201587,202083,2738,101150,201150,201152,201950,5,2,3,2.0,1.235,2858,2863,4,PT00M22.50S,4,PT00M16.70S,103,100,105,103,98.663,95.719,100.663,96.954,2011-12-26,0,0,1,1
21100016,21,1610612757,1610612755,2037,2222,101109,200746,202083,2738,101150,201152,201950,201975,1,0,0,0.0,0.0,2863,2864,4,PT00M16.70S,4,PT00M15.80S,105,103,105,103,100.663,96.954,100.663,96.954,2011-12-26,0,0,1,1
21100016,22,1610612757,1610612755,2222,101109,200746,201587,202083,2738,101150,201150,201152,201975,16,2,0,2.0,2.04,2864,2880,4,PT00M15.80S,4,PT00M00.00S,105,103,107,103,100.663,96.954,102.663,98.994,2011-12-26,0,0,1,1
21100017,0,1610612744,1610612741,2740,2748,101135,101145,201939,1888,2430,2736,201149,201565,315,0,0,0.0,0.996,0,315,1,PT12M00.00S,1,PT06M45.00S,0,0,0,0,0.0,0.0,0.0,0.996,2011-12-26,0,0,1,1
21100017,1,1610612744,1610612741,2198,2748,101135,101145,201939,1888,2430,2736,201149,201565,132,0,0,0.0,0.0,315,447,1,PT06M45.00S,1,PT04M33.00S,0,0,0,0,0.0,0.996,0.0,0.996,2011-12-26,0,0,1,1
21100017,2,1610612744,1610612741,2198,2748,101135,101145,201939,2736,200758,201149,201565,201959,11,0,0,0.0,0.0,447,458,1,PT04M33.00S,1,PT04M22.00S,0,0,0,0,0.0,0.996,0.0,0.996,2011-12-26,0,0,1,1
21100017,3,1610612744,1610612741,2198,101135,101145,201575,201939,2736,200758,201149,201565,201959,51,0,0,0.0,0.0,458,509,1,PT04M22.00S,1,PT03M31.00S,0,0,0,0,0.0,0.996,0.0,0.996,2011-12-26,0,0,1,1
21100017,4,1610612744,1610612741,2198,101145,201575,201939,202327,2736,200758,201565,201600,201959,94,25,18,23.384,18.0,509,603,1,PT03M31.00S,1,PT01M57.00S,0,0,25,18,0.0,0.996,23.384,18.996,2011-12-26,0,0,1,1
21100017,5,1610612744,1610612741,2198,101145,201575,202327,202397,2736,200758,201565,201600,201959,48,1,0,1.0,0.0,603,651,1,PT01M57.00S,1,PT01M09.00S,25,18,26,18,23.384,18.996,24.384,18.996,2011-12-26,0,0,1,1
21100017,6,1610612744,1610612741,2198,101145,201575,202327,202397,2736,200758,201228,201600,201959,47,-26,-18,-26.801,-18.0,651,698,1,PT01M09.00S,1,PT00M22.20S,26,18,0,0,24.384,18.996,-2.417,0.996,2011-12-26,0,0,1,1
21100017,7,1610612744,1610612741,2748,101145,201575,202327,202397,2594,2736,200758,201228,201959,72,0,0,0.0,0.0,698,770,1,PT00M22.20S,2,PT11M10.00S,0,0,0,0,-2.417,0.996,-2.417,0.996,2011-12-26,0,0,1,1
21100017,8,1610612744,1610612741,2748,101145,201575,202327,202397,2430,2594,2736,200758,201228,88,0,0,-1.513,0.0,770,858,2,PT11M10.00S,2,PT09M42.00S,0,0,0,0,-2.417,0.996,-3.93,0.996,2011-12-26,0,0,1,1
21100017,9,1610612744,1610612741,2740,2748,101135,101145,202397,1888,2430,2736,201149,201565,188,0,0,1.024,3.124,1069,1257,2,PT06M11.00S,2,PT03M03.00S,0,0,0,0,-2.753,-1.09,-1.729,2.034,2011-12-26,0,0,1,1
21100017,10,1610612744,1610612741,2198,2748,101135,101145,202397,1888,2430,2736,201149,201565,70,0,0,0.0,0.0,1257,1327,2,PT03M03.00S,2,PT01M53.00S,0,0,0,0,-1.729,2.034,-1.729,2.034,2011-12-26,0,0,1,1
21100017,11,1610612744,1610612741,2198,2748,101135,201575,202397,1888,2430,2736,201149,201565,96,0,0,0.0,-1.627,1327,1423,2,PT01M53.00S,2,PT00M16.60S,0,0,0,0,-1.729,2.034,-1.729,0.408,2011-12-26,0,0,1,1
21100017,12,1610612744,1610612741,2748,101145,201575,202397,202691,2736,200758,201149,201228,201959,335,0,0,3.216,2.044,1423,1758,2,PT00M16.60S,3,PT06M42.00S,0,0,0,0,-1.729,0.408,1.486,2.452,2011-12-26,0,0,1,1
21100017,13,1610612744,1610612741,2198,101145,201575,202397,202691,2736,200758,201149,201228,201959,85,0,0,0.0,0.0,1803,1888,3,PT05M57.00S,3,PT04M32.00S,0,0,0,0,1.486,2.452,1.486,2.452,2011-12-26,0,0,1,1
21100017,14,1610612744,1610612741,2198,201575,202327,202397,202691,2736,200758,201228,201600,201959,191,0,0,0.0,1.992,1888,2079,3,PT04M32.00S,3,PT01M21.00S,0,0,0,0,1.486,2.452,1.486,4.444,2011-12-26,0,0,1,1
21100018,0,1610612751,1610612737,2743,101114,101130,201627,202345,2207,2746,101107,201143,201952,366,7,11,6.592,8.263,0,366,1,PT12M00.00S,1,PT05M54.00S,0,0,7,11,0.0,0.0,6.592,8.263,2011-12-27,0,0,1,1
21100018,1,1610612751,1610612737,2743,101114,101130,202178,202345,1503,2207,2746,201143,201952,97,2,3,3.044,3.0,366,463,1,PT05M54.00S,1,PT04M17.00S,7,12,9,15,6.592,9.263,9.637,12.263,2011-12-27,0,0,1,1
21100018,2,1610612751,1610612737,2246,2743,101114,202178,202345,1503,2207,2209,2457,201143,45,0,3,0.0,3.0,463,508,1,PT04M17.00S,1,PT03M32.00S,9,15,9,18,9.637,12.263,9.637,15.263,2011-12-27,0,0,1,1
21100018,3,1610612751,1610612737,2246,2743,202178,202345,202705,1503,2207,2209,2457,2585,129,2,5,3.051,5.0,508,637,1,PT03M32.00S,1,PT01M23.00S,9,18,11,23,9.637,15.263,12.687,20.263,2011-12-27,0,0,1,1
21100018,4,1610612751,1610612737,2743,2246,201627,202178,202705,1503,2209,2457,2584,2585,96,4,1,5.863,1.0,715,811,1,PT00M04.80S,2,PT10M29.00S,11,28,15,29,13.738,23.611,19.601,24.611,2011-12-27,1,0,1,1
21100018,5,1610612751,1610612737,2246,101130,201627,202178,202705,1503,2209,2457,2584,2585,61,2,5,2.0,5.0,811,872,2,PT10M29.00S,2,PT09M28.00S,15,29,17,34,19.601,24.611,21.601,29.611,2011-12-27,1,0,1,1
21100018,6,1610612751,1610612737,2246,101130,201627,202178,202705,2209,2457,2584,2585,101107,46,0,0,1.026,0.0,872,918,2,PT09M28.00S,2,PT08M42.00S,17,34,17,34,21.601,29.611,22.627,29.611,2011-12-27,1,0,1,1
21100018,7,1610612751,1610612737,2246,2743,101114,201627,202178,2207,2746,101107,201143,201952,111,5,3,3.456,4.086,1153,1264,2,PT04M47.00S,2,PT02M56.00S,18,39,23,42,24.882,34.611,28.339,38.697,2011-12-27,1,0,1,1
21100018,8,1610612751,1610612737,2246,2743,101114,201627,202178,2207,2209,101107,201143,201952,44,2,2,2.0,2.0,1264,1308,2,PT02M56.00S,2,PT02M12.00S,23,42,25,44,28.339,38.697,30.339,40.697,2011-12-27,1,0,1,1
21100018,9,1610612751,1610612737,2246,101114,101130,202178,202705,2207,2209,101107,201143,201952,155,3,13,3.0,12.772,1363,1518,2,PT01M17.00S,3,PT10M42.00S,27,44,30,57,32.339,40.697,35.339,53.469,2011-12-27,1,0,1,1
21100018,10,1610612751,1610612737,101130,2246,101114,202178,202705,2207,2209,101107,201143,201952,16,0,0,0.0,0.0,1518,1534,3,PT10M42.00S,3,PT10M26.00S,30,57,30,57,35.339,53.469,35.339,53.469,2011-12-27,1,0,1,1
21100018,11,1610612751,1610612737,101130,2246,101114,202178,202705,2207,2209,101107,201143,201952,2,0,0,0.0,0.0,1534,1536,3,PT10M26.00S,3,PT10M24.00S,30,57,30,57,35.339,53.469,35.339,53.469,2011-12-27,1,0,1,1
21100018,12,1610612751,1610612737,101114,2052,2246,200770,202345,1503,2209,2457,2584,2585,103,0,2,2.079,2.0,2264,2367,4,PT10M16.00S,4,PT08M33.00S,55,84,55,86,62.674,76.653,64.754,78.653,2011-12-27,1,0,1,1
21100018,13,1610612751,1610612737,101114,2052,2246,200770,202862,1503,2209,2457,2584,2585,84,5,4,4.44,4.0,2409,2493,4,PT07M51.00S,4,PT06M27.00S,55,89,60,93,65.814,80.001,70.255,84.001,2011-12-27,1,0,1,1
21100018,14,1610612751,1610612737,101114,2052,2246,200770,202862,711,2209,2457,2584,201274,11,0,0,0.0,0.0,2493,2504,4,PT06M27.00S,4,PT06M16.00S,60,93,60,93,70.255,84.001,70.255,84.001,2011-12-27,1,0,1,1
21100018,15,1610612751,1610612737,2052,2246,200770,202705,202862,711,2209,2457,2584,201274,224,4,10,5.038,8.695,2504,2728,4,PT06M16.00S,4,PT02M32.00S,60,93,64,103,70.255,84.001,75.293,92.696,2011-12-27,1,0,1,1
21100018,16,1610612751,1610612737,2052,2246,202178,202705,202862,711,2209,2457,2584,201274,152,6,3,6.338,3.315,2728,2880,4,PT02M32.00S,4,PT00M00.00S,64,103,70,106,75.293,92.696,81.632,96.01,2011-12-27,1,0,1,1
21100019,0,1610612748,1610612738,2544,2547,2548,201202,201596,708,951,979,2562,200765,235,0,0,-1.679,-0.761,0,235,1,PT12M00.00S,1,PT08M05.00S,0,0,0,0,0.0,0.0,-1.679,-0.761,2011-12-27,0,0,1,1
21100019,1,1610612748,1610612738,2544,2547,2548,201202,201596,708,951,2562,101138,200765,42,0,0,0.0,0.0,235,277,1,PT08M05.00S,1,PT07M23.00S,0,0,0,0,-1.679,-0.761,-1.679,-0.761,2011-12-27,0,0,1,1
21100019,2,1610612748,1610612738,2544,2547,2548,201202,201596,708,951,2605,101138,200765,34,0,0,-1.626,0.0,277,311,1,PT07M23.00S,1,PT06M49.00S,0,0,0,0,-1.679,-0.761,-3.305,-0.761,2011-12-27,0,0,1,1
21100019,3,1610612748,1610612738,2544,2547,2548,201202,201596,951,2404,2605,101138,200765,75,24,15,24.0,16.13,311,386,1,PT06M49.00S,1,PT05M34.00S,0,0,24,15,-3.305,-0.761,20.695,15.369,2011-12-27,0,0,1,1
21100019,4,1610612748,1610612738,2544,2547,2548,201202,201596,2039,2404,2605,101138,200765,76,-24,-15,-24.0,-16.632,386,462,1,PT05M34.00S,1,PT04M18.00S,24,15,0,0,20.695,15.369,-3.305,-1.263,2011-12-27,0,0,1,1
21100019,5,1610612748,1610612738,2203,2544,2617,201202,201596,2039,2404,2605,101138,200765,69,0,0,0.0,0.0,462,531,1,PT04M18.00S,1,PT03M09.00S,0,0,0,0,-3.305,-1.263,-3.305,-1.263,2011-12-27,0,0,1,1
21100019,6,1610612748,1610612738,2203,2544,2617,201202,202708,2039,2404,2605,101138,202340,48,0,0,0.0,0.0,531,579,1,PT03M09.00S,1,PT02M21.00S,0,0,0,0,-3.305,-1.263,-3.305,-1.263,2011-12-27,0,0,1,1
21100019,7,1610612748,1610612738,436,2203,2544,2617,202708,2039,2404,2605,101138,202340,105,30,27,30.985,27.0,579,684,1,PT02M21.00S,1,PT00M36.40S,0,0,30,27,-3.305,-1.263,27.679,25.737,2011-12-27,0,0,1,1
21100019,8,1610612748,1610612738,436,2203,2544,2617,202708,708,2039,2404,2605,200765,114,-30,-27,-31.722,-27.0,684,798,1,PT00M36.40S,2,PT10M42.00S,30,27,0,0,27.679,25.737,-4.043,-1.263,2011-12-27,0,0,1,1
21100019,9,1610612748,1610612738,436,2203,2544,2617,202708,708,2039,2404,2562,200765,56,0,0,0.0,0.0,798,854,2,PT10M42.00S,2,PT09M46.00S,0,0,0,0,-4.043,-1.263,-4.043,-1.263,2011-12-27,0,0,1,1
21100019,10,1610612748,1610612738,436,2203,2544,2617,202708,708,2039,2562,101138,200765,46,0,0,0.0,0.0,854,900,2,PT09M46.00S,2,PT09M00.00S,0,0,0,0,-4.043,-1.263,-4.043,-1.263,2011-12-27,0,0,1,1
21100019,11,1610612748,1610612738,436,2544,2592,2617,202708,708,2039,2562,101138,200765,114,43,35,43.0,33.512,900,1014,2,PT09M00.00S,2,PT07M06.00S,0,0,43,35,-4.043,-1.263,38.957,32.249,2011-12-27,0,0,1,1
21100019,12,1610612748,1610612738,436,2544,2592,2617,202708,708,2039,2605,101138,200765,55,-43,-35,-44.578,-35.0,1014,1069,2,PT07M06.00S,2,PT06M11.00S,43,35,0,0,38.957,32.249,-5.62,-2.751,2011-12-27,0,0,1,1
21100019,13,1610612748,1610612738,436,2544,2592,201202,202708,979,2039,2605,101138,200765,33,0,0,0.0,0.0,1069,1102,2,PT06M11.00S,2,PT05M38.00S,0,0,0,0,-5.62,-2.751,-5.62,-2.751,2011-12-27,0,0,1,1
21100019,14,1610612748,1610612738,436,2544,2592,201202,202708,979,2039,2605,101138,200765,146,58,43,54.844,40.024,1102,1248,2,PT05M38.00S,2,PT03M12.00S,0,0,58,43,-5.62,-2.751,49.224,37.273,2011-12-27,0,0,1,1
21100019,15,1610612748,1610612738,436,2203,2544,2617,202708,979,2039,2605,101138,200765,132,0,0,0.0,2.053,2302,2434,4,PT09M38.00S,4,PT07M26.00S,0,0,0,0,-11.289,-10.77,-11.289,-8.717,2011-12-27,0,0,1,1
21100019,16,1610612748,1610612738,436,2203,2544,2617,202708,708,951,2039,101138,200765,64,0,0,-0.872,-0.0,2434,2498,4,PT07M26.00S,4,PT06M22.00S,0,0,0,0,-11.289,-8.717,-12.161,-8.717,2011-12-27,0,0,1,1
21100020,0,1610612749,1610612750,1536,2399,101106,101141,201943,2545,2557,201563,201567,202325,287,9,10,13.216,9.409,0,287,1,PT12M00.00S,1,PT07M13.00S,0,0,9,10,0.0,0.0,13.216,9.409,2011-12-27,0,0,1,1
21100020,1,1610612749,1610612750,1536,2399,101106,101141,201943,2545,2557,200826,201567,202325,25,2,2,2.0,2.0,287,312,1,PT07M13.00S,1,PT06M48.00S,9,10,11,12,13.216,9.409,15.216,11.409,2011-12-27,0,0,1,1
21100020,2,1610612749,1610612750,1536,2399,101106,201943,202336,2545,2557,200826,201567,202325,34,0,2,0.0,2.0,312,346,1,PT06M48.00S,1,PT06M14.00S,11,12,11,14,15.216,11.409,15.216,13.409,2011-12-27,0,0,1,1
21100020,3,1610612749,1610612750,1536,2399,201943,202336,202720,2557,200826,201567,202325,202682,105,6,4,6.0,4.0,346,451,1,PT06M14.00S,1,PT04M29.00S,11,14,17,18,15.216,13.409,21.216,17.409,2011-12-27,0,0,1,1
21100020,4,1610612749,1610612750,1536,2399,2733,201943,202720,2557,200826,201567,202325,202682,61,-17,-18,-17.0,-18.0,451,512,1,PT04M29.00S,1,PT03M28.00S,17,18,0,0,21.216,17.409,4.216,-0.591,2011-12-27,0,0,1,1
21100020,5,1610612749,1610612750,1536,2399,2733,201943,202720,200826,201567,201937,202325,202682,44,22,21,22.928,21.0,512,556,1,PT03M28.00S,1,PT02M44.00S,0,0,22,21,4.216,-0.591,27.144,20.409,2011-12-27,0,0,1,1
21100020,6,1610612749,1610612750,2399,2733,2757,201943,202720,200826,201567,201937,202325,202682,65,-22,-21,-22.0,-21.0,556,621,1,PT02M44.00S,1,PT01M39.00S,22,21,0,0,27.144,20.409,5.144,-0.591,2011-12-27,0,0,1,1
21100020,7,1610612749,1610612750,2733,2757,201943,201972,202720,200826,201567,201937,202325,202682,47,0,0,0.0,0.0,621,668,1,PT01M39.00S,1,PT00M51.50S,0,0,0,0,5.144,-0.591,5.144,-0.591,2011-12-27,0,0,1,1
21100020,8,1610612749,1610612750,2733,2757,201943,201972,202720,200826,201229,201937,202325,202682,238,40,40,40.0,37.603,668,906,1,PT00M51.50S,2,PT08M54.00S,0,0,40,40,5.144,-0.591,45.144,37.011,2011-12-27,0,0,1,1
21100020,9,1610612749,1610612750,2733,2757,101141,201943,201972,200826,201229,201937,202325,202682,37,-40,-40,-40.0,-40.0,906,943,2,PT08M54.00S,2,PT08M17.00S,40,40,0,0,45.144,37.011,5.144,-2.989,2011-12-27,0,0,1,1
21100020,10,1610612749,1610612750,1536,2733,2757,101141,201943,200826,201563,201567,201937,202682,99,0,0,0.0,0.0,943,1042,2,PT08M17.00S,2,PT06M38.00S,0,0,0,0,5.144,-2.989,5.144,-2.989,2011-12-27,0,0,1,1
21100020,11,1610612749,1610612750,1536,2733,2757,101141,201943,2557,201563,201567,201937,202682,35,0,0,0.0,0.0,1042,1077,2,PT06M38.00S,2,PT06M03.00S,0,0,0,0,5.144,-2.989,5.144,-2.989,2011-12-27,0,0,1,1
21100020,12,1610612749,1610612750,1536,2399,201943,202336,202720,2557,201563,201567,201937,202682,110,0,0,1.175,1.149,1082,1192,2,PT05M58.00S,2,PT04M08.00S,0,0,0,0,5.144,-2.989,6.319,-1.84,2011-12-27,0,0,1,1
21100020,13,1610612749,1610612750,1536,2399,201943,202336,202720,2557,201567,201937,202325,202682,90,0,0,-0.682,0.0,1192,1282,2,PT04M08.00S,2,PT02M38.00S,0,0,0,0,6.319,-1.84,5.636,-1.84,2011-12-27,0,0,1,1
21100020,14,1610612749,1610612750,1536,2733,201943,202336,202720,2557,201567,201937,202325,202682,364,68,51,67.326,51.983,1282,1646,2,PT02M38.00S,3,PT08M34.00S,0,0,68,51,5.636,-1.84,72.963,50.143,2011-12-27,0,0,1,1
21100020,15,1610612749,1610612750,1536,2733,201943,202336,202720,2557,201567,201937,202325,202682,274,-68,-51,-68.682,-50.594,1646,1920,3,PT08M34.00S,3,PT04M00.00S,68,51,0,0,72.963,50.143,4.28,-0.451,2011-12-27,0,0,1,1
21100020,16,1610612749,1610612750,1536,2399,101106,101141,201943,2557,201229,201563,201567,201937,117,89,81,89.0,82.065,2474,2591,4,PT06M46.00S,4,PT04M49.00S,0,0,89,81,9.289,-3.901,98.289,78.164,2011-12-27,0,0,1,1
21100020,17,1610612749,1610612750,1536,2733,101106,101141,201943,2557,201229,201563,201567,201937,161,-89,-81,-89.0,-82.572,2591,2752,4,PT04M49.00S,4,PT02M08.00S,89,81,0,0,98.289,78.164,9.289,-4.408,2011-12-27,0,0,1,1
21100020,18,1610612749,1610612750,1536,2733,101141,201943,202720,2557,201229,201563,201567,201937,121,0,0,-1.681,0.0,2752,2873,4,PT02M08.00S,4,PT00M07.20S,0,0,0,0,9.289,-4.408,7.607,-4.408,2011-12-27,0,0,1,1
21100020,19,1610612749,1610612750,1536,2733,101141,201943,202720,2557,201229,201563,201567,202325,7,98,95,98.0,96.065,2873,2880,4,PT00M07.20S,4,PT00M00.00S,0,0,98,95,7.607,-4.408,105.607,91.657,2011-12-27,0,0,1,1
21100021,0,1610612757,1610612758,948,2222,101109,200746,202083,2422,101236,201936,201977,202326,339,7,12,8.081,12.0,0,339,1,PT12M00.00S,1,PT06M21.00S,0,0,7,12,0.0,0.0,8.081,12.0,2011-12-27,0,0,1,1
21100021,1,1610612757,1610612758,948,2222,101109,200746,202083,2422,101236,201581,201936,202690,5,1,0,1.0,0.0,339,344,1,PT06M21.00S,1,PT06M16.00S,7,12,8,12,8.081,12.0,9.081,12.0,2011-12-27,0,0,1,1
21100021,2,1610612757,1610612758,948,2037,2222,200746,202083,2422,101236,201581,201936,202690,103,3,2,4.023,2.0,344,447,1,PT06M16.00S,1,PT04M33.00S,8,12,11,14,9.081,12.0,13.104,14.0,2011-12-27,0,0,1,1
21100021,3,1610612757,1610612758,703,2037,2222,200746,202083,2422,101236,201581,201936,202690,20,0,0,0.0,0.0,447,467,1,PT04M33.00S,1,PT04M13.00S,11,14,11,14,13.104,14.0,13.104,14.0,2011-12-27,0,0,1,1
21100021,4,1610612757,1610612758,703,2037,2222,200746,202083,2422,101236,201581,201977,202690,29,1,0,1.0,0.0,467,496,1,PT04M13.00S,1,PT03M44.00S,11,14,12,14,13.104,14.0,14.104,14.0,2011-12-27,0,0,1,1
21100021,5,1610612757,1610612758,703,2037,2222,202083,202419,2566,101236,201581,201977,202690,58,3,2,3.0,3.091,496,554,1,PT03M44.00S,1,PT02M46.00S,12,14,15,16,14.104,14.0,17.104,17.091,2011-12-27,0,0,1,1
21100021,6,1610612757,1610612758,703,2037,201587,202083,202419,2566,201581,201977,202326,202690,36,2,0,2.0,0.0,554,590,1,PT02M46.00S,1,PT02M10.00S,15,16,17,16,17.104,17.091,19.104,17.091,2011-12-27,0,0,1,1
21100021,7,1610612757,1610612758,703,2037,201587,202419,202701,2566,201581,201977,202326,202690,318,9,15,8.592,14.301,590,908,1,PT02M10.00S,2,PT08M52.00S,17,16,26,31,19.104,17.091,27.696,31.391,2011-12-27,0,0,1,1
21100021,8,1610612757,1610612758,703,2037,101109,200746,201587,2566,201574,201581,201977,202690,64,0,4,0.0,4.0,908,972,2,PT08M52.00S,2,PT07M48.00S,26,31,26,35,27.696,31.391,27.696,35.391,2011-12-27,0,0,1,1
21100021,9,1610612757,1610612758,2037,2222,101109,200746,201587,2566,201574,201581,201977,202690,139,4,5,5.023,3.429,972,1111,2,PT07M48.00S,2,PT05M29.00S,26,35,30,40,27.696,35.391,32.719,38.821,2011-12-27,0,0,1,1
21100021,10,1610612757,1610612758,948,2222,101109,200746,202083,2566,201574,201581,201936,202690,106,4,4,4.0,4.0,1111,1217,2,PT05M29.00S,2,PT03M43.00S,30,40,34,44,32.719,38.821,36.719,42.821,2011-12-27,0,0,1,1
21100021,11,1610612757,1610612758,948,2222,101109,200746,202083,2422,201574,201581,201936,202690,20,0,0,0.0,0.0,1217,1237,2,PT03M43.00S,2,PT03M23.00S,34,44,34,44,36.719,42.821,36.719,42.821,2011-12-27,0,0,1,1
21100021,12,1610612757,1610612758,948,2222,101109,200746,202083,2422,201574,201581,201936,201977,67,5,2,4.334,2.0,1237,1304,2,PT03M23.00S,2,PT02M16.00S,34,44,39,46,36.719,42.821,41.053,44.821,2011-12-27,0,0,1,1
21100021,13,1610612757,1610612758,948,2222,101109,200746,202083,2566,201574,201581,201936,201977,63,3,0,3.0,0.0,1304,1367,2,PT02M16.00S,2,PT01M13.00S,39,46,42,46,41.053,44.821,44.053,44.821,2011-12-27,0,0,1,1
21100021,14,1610612757,1610612758,948,2222,101109,200746,202083,2566,101236,201574,201936,201977,25,2,0,2.0,1.106,1367,1392,2,PT01M13.00S,2,PT00M48.20S,42,46,44,46,44.053,44.821,46.053,45.927,2011-12-27,0,0,1,1
21100021,15,1610612757,1610612758,948,2222,101109,200746,202083,2566,101236,201574,201977,202690,32,1,0,2.166,1.025,1392,1424,2,PT00M48.20S,2,PT00M16.00S,44,46,45,46,46.053,45.927,48.219,46.952,2011-12-27,0,0,1,1
21100021,16,1610612757,1610612758,2222,101109,200746,201587,202083,2566,101236,201977,202690,202738,16,0,0,0.96,0.0,1424,1440,2,PT00M16.00S,2,PT00M00.40S,45,46,45,46,48.219,46.952,49.179,46.952,2011-12-27,0,0,1,1
21100021,17,1610612757,1610612758,2222,101109,200746,201587,202083,2566,101236,201977,202326,202738,78,1,0,3.247,0.0,1440,1518,2,PT00M00.40S,3,PT10M42.00S,45,46,46,46,49.179,46.952,52.426,46.952,2011-12-27,0,0,1,1
21100021,18,1610612757,1610612758,703,2222,101109,200746,201587,2566,101236,201581,202690,202738,97,7,4,7.0,2.384,1852,1949,3,PT05M08.00S,3,PT03M31.00S,59,54,66,58,67.364,59.088,74.364,61.471,2011-12-27,0,0,1,1
21100021,19,1610612757,1610612758,703,2037,2222,200746,201587,2566,201581,202326,202690,202738,41,2,4,2.0,4.0,1949,1990,3,PT03M31.00S,3,PT02M50.00S,66,58,68,62,74.364,61.471,76.364,65.471,2011-12-27,0,0,1,1
21100021,20,1610612757,1610612758,703,2037,2222,200783,201587,2566,201581,202326,202690,202738,306,11,3,13.056,6.135,1990,2296,3,PT02M50.00S,4,PT09M44.00S,68,62,79,65,76.364,65.471,89.42,71.606,2011-12-27,0,0,1,1
21100021,21,1610612757,1610612758,703,2037,2222,200783,201587,2566,201574,202326,202690,202738,52,1,2,1.0,2.0,2296,2348,4,PT09M44.00S,4,PT08M52.00S,79,65,80,67,89.42,71.606,90.42,73.606,2011-12-27,0,0,1,1
21100021,22,1610612757,1610612758,703,2222,101109,200746,201587,2566,201574,202326,202690,202738,34,1,0,1.0,0.0,2348,2382,4,PT08M52.00S,4,PT08M18.00S,80,67,81,67,90.42,73.606,91.42,73.606,2011-12-27,0,0,1,1
21100021,23,1610612757,1610612758,948,2037,2222,101109,200746,2422,2566,101236,202326,202690,38,0,2,0.0,2.0,2507,2545,4,PT06M13.00S,4,PT05M35.00S,85,71,85,73,96.569,77.606,96.569,79.606,2011-12-27,0,0,1,1
21100021,24,1610612757,1610612758,948,2037,2222,200746,201587,2422,2566,101236,202326,202690,221,9,0,10.104,0.917,2545,2766,4,PT05M35.00S,4,PT01M54.00S,85,73,94,73,96.569,79.606,106.674,80.523,2011-12-27,0,0,1,1
21100022,0,1610612747,1610612762,977,2200,2211,201177,202365,1952,2744,200794,202324,202330,232,0,0,0.0,1.127,0,232,1,PT12M00.00S,1,PT08M08.00S,0,0,0,0,0.0,0.0,0.0,1.127,2011-12-27,0,0,1,1
21100022,1,1610612747,1610612762,1897,2200,2211,2574,2581,2248,2572,2744,101139,200794,10,16,16,16.0,16.0,598,608,1,PT02M02.00S,1,PT01M52.00S,0,0,16,16,-2.425,-0.627,13.575,15.373,2011-12-27,0,0,1,1
21100022,2,1610612747,1610612762,1897,2200,2211,2574,2581,2744,2248,2572,101139,200794,284,-16,-16,-13.408,-14.028,608,892,1,PT01M52.00S,2,PT09M08.00S,16,16,0,0,13.575,15.373,0.167,1.344,2011-12-27,0,1,1,1
21100022,3,1610612747,1610612762,1897,2200,2211,2574,2581,2744,2248,2572,200794,202692,88,0,0,0.0,1.024,892,980,2,PT09M08.00S,2,PT07M40.00S,0,0,0,0,0.167,1.344,0.167,2.368,2011-12-27,0,1,1,1
21100022,4,1610612747,1610612762,977,1897,2200,2211,2581,2744,2248,2572,200794,202692,28,0,0,0.0,0.0,980,1008,2,PT07M40.00S,2,PT07M12.00S,0,0,0,0,0.167,2.368,0.167,2.368,2011-12-27,0,1,1,1
21100022,5,1610612747,1610612762,965,977,2200,2211,202365,2248,1952,2734,202330,202379,237,0,0,0.95,2.315,1424,1661,2,PT00M16.40S,3,PT08M19.00S,0,0,0,0,-0.434,3.322,0.515,5.637,2011-12-27,0,1,1,1
21100022,6,1610612747,1610612762,965,977,2200,2211,202365,2248,1952,2734,202330,202379,257,66,39,62.78,40.187,1661,1918,3,PT08M19.00S,3,PT04M02.00S,0,0,66,39,0.515,5.637,63.295,45.823,2011-12-27,0,1,1,1
21100022,7,1610612747,1610612762,965,977,1897,2200,202365,1952,2248,2572,101139,202379,79,91,66,91.0,66.0,2596,2675,4,PT04M44.00S,4,PT03M25.00S,0,0,91,66,-2.652,8.451,88.348,74.451,2011-12-27,0,1,1,1
21100022,8,1610612747,1610612762,965,1897,2200,2574,202365,1952,2248,2572,101139,202379,59,-91,-66,-91.0,-65.051,2675,2734,4,PT03M25.00S,4,PT02M26.00S,91,66,0,0,88.348,74.451,-2.652,9.4,2011-12-27,0,1,1,1
21100022,9,1610612747,1610612762,965,1897,2200,2574,202365,1952,2248,2572,202379,202692,35,0,0,0.0,0.0,2734,2769,4,PT02M26.00S,4,PT01M51.00S,0,0,0,0,-2.652,9.4,-2.652,9.4,2011-12-27,0,1,1,1
21100023,0,1610612761,1610612754,2446,101161,101181,200745,201942,2561,101122,201579,201954,202331,232,2,2,2.0,2.0,0,232,1,PT12M00.00S,1,PT08M08.00S,0,0,2,2,0.0,0.0,2.0,2.0,2011-12-28,0,0,1,1
21100023,1,1610612761,1610612754,2446,101161,101181,201942,202334,2561,101122,201579,201954,202331,38,0,1,0.0,1.0,232,270,1,PT08M08.00S,1,PT07M30.00S,2,2,2,3,2.0,2.0,2.0,3.0,2011-12-28,0,0,1,1
21100023,2,1610612761,1610612754,2048,2446,101181,201942,202334,2561,101122,201579,201954,202331,131,2,6,4.001,6.0,270,401,1,PT07M30.00S,1,PT05M19.00S,2,3,4,9,2.0,3.0,6.001,9.0,2011-12-28,0,0,1,1
21100023,3,1610612761,1610612754,2048,2571,101181,201949,202334,101122,201579,201946,201954,202331,144,2,6,2.0,2.893,401,545,1,PT05M19.00S,1,PT02M55.00S,4,9,6,15,6.001,9.0,8.001,11.893,2011-12-28,0,0,1,1
21100023,4,1610612761,1610612754,2048,2571,201573,201949,202334,2563,201579,201946,201954,202331,57,0,0,0.0,0.911,545,602,1,PT02M55.00S,1,PT01M58.00S,6,15,6,15,8.001,11.893,8.001,12.804,2011-12-28,0,0,1,1
21100023,5,1610612761,1610612754,2048,2571,201573,201949,202334,2563,201579,201588,201946,201954,54,4,0,4.0,0.0,602,656,1,PT01M58.00S,1,PT01M04.00S,6,15,10,15,8.001,12.804,12.001,12.804,2011-12-28,0,0,1,1
21100023,6,1610612761,1610612754,2048,2571,201573,201949,202334,2561,2563,201588,201946,201954,117,4,4,4.0,5.174,656,773,1,PT01M04.00S,2,PT11M07.00S,10,15,14,19,12.001,12.804,16.001,17.978,2011-12-28,0,0,1,1
21100023,7,1610612761,1610612754,2048,2571,201573,201949,202334,2561,2563,201588,201946,202331,136,7,2,5.332,2.0,773,909,2,PT11M07.00S,2,PT08M51.00S,14,19,21,21,16.001,17.978,21.333,19.978,2011-12-28,0,0,1,1
21100023,8,1610612761,1610612754,2571,101161,201573,201949,202334,2561,2563,200811,201588,202331,60,0,3,0.0,1.403,909,969,2,PT08M51.00S,2,PT07M51.00S,21,21,21,24,21.333,19.978,21.333,21.381,2011-12-28,0,0,1,1
21100023,9,1610612761,1610612754,2571,101161,200745,201573,201949,2561,2563,200811,201588,202331,52,2,0,2.0,0.0,969,1021,2,PT07M51.00S,2,PT06M59.00S,21,24,23,24,21.333,21.381,23.333,21.381,2011-12-28,0,0,1,1
21100023,10,1610612761,1610612754,2571,101161,200745,201573,201949,2561,101122,200811,201588,202331,90,2,4,2.0,4.0,1021,1111,2,PT06M59.00S,2,PT05M29.00S,23,24,25,28,23.333,21.381,25.333,25.381,2011-12-28,0,0,1,1
21100023,11,1610612761,1610612754,2571,101161,101181,200745,201949,101122,200811,201579,201588,202331,51,2,2,2.0,2.0,1111,1162,2,PT05M29.00S,2,PT04M38.00S,25,28,27,30,25.333,25.381,27.333,27.381,2011-12-28,0,0,1,1
21100023,12,1610612761,1610612754,101161,101181,200745,201942,201949,101122,201579,201588,201946,202331,79,5,0,3.165,0.0,1162,1241,2,PT04M38.00S,2,PT03M19.00S,27,30,32,30,27.333,27.381,30.498,27.381,2011-12-28,0,0,1,1
21100023,13,1610612761,1610612754,101161,101181,200745,201814,201942,101122,201579,201946,201954,202331,66,0,3,0.0,3.0,1241,1307,2,PT03M19.00S,2,PT02M13.00S,32,30,32,33,30.498,27.381,30.498,30.381,2011-12-28,0,0,1,1
21100023,14,1610612761,1610612754,101181,200745,201814,201942,201949,101122,201579,201946,201954,202331,74,0,5,1.075,5.0,1307,1381,2,PT02M13.00S,2,PT00M58.80S,32,33,32,38,30.498,30.381,31.573,35.381,2011-12-28,0,0,1,1
21100023,15,1610612761,1610612754,101181,200745,201814,201942,201949,2561,101122,201946,201954,202331,41,2,0,1.226,0.0,1381,1422,2,PT00M58.80S,2,PT00M18.20S,32,38,34,38,31.573,35.381,32.799,35.381,2011-12-28,0,0,1,1
21100023,16,1610612761,1610612754,2048,101181,201814,201942,201949,2561,101122,201946,201954,202331,439,11,12,10.257,15.243,1422,1861,2,PT00M18.20S,3,PT04M59.00S,34,38,45,50,32.799,35.381,43.056,50.624,2011-12-28,0,0,1,1
21100023,17,1610612761,1610612754,2048,201573,201814,201942,201949,2561,101122,201946,201954,202331,69,2,3,3.117,1.403,1861,1930,3,PT04M59.00S,3,PT03M50.00S,45,50,47,53,43.056,50.624,46.173,52.027,2011-12-28,0,0,1,1
21100024,0,1610612766,1610612748,1894,2564,201571,201591,201945,2544,2547,2548,201202,201596,450,0,0,2.173,1.11,0,450,1,PT12M00.00S,1,PT04M30.00S,0,0,0,0,0.0,0.0,2.173,1.11,2011-12-28,0,0,1,1
21100024,1,1610612766,1610612748,1894,2564,201571,201591,201945,2203,2544,2617,201202,202708,134,0,0,-1.613,1.071,450,584,1,PT04M30.00S,1,PT02M16.00S,0,0,0,0,2.173,1.11,0.559,2.18,2011-12-28,0,0,1,1
21100024,2,1610612766,1610612748,1894,2564,201571,201591,201945,436,2203,2544,2617,202708,58,0,0,1.093,0.0,584,642,1,PT02M16.00S,1,PT01M18.00S,0,0,0,0,0.559,2.18,1.653,2.18,2011-12-28,0,0,1,1
21100024,3,1610612766,1610612748,2564,201571,201591,201945,201974,436,2203,2544,2617,202708,156,0,0,-1.697,0.984,642,798,1,PT01M18.00S,2,PT10M42.00S,0,0,0,0,1.653,2.18,-0.044,3.164,2011-12-28,0,0,1,1
21100024,4,1610612766,1610612748,2564,2679,201571,201591,201974,436,2203,2544,2617,202708,125,37,25,37.0,25.0,798,923,2,PT10M42.00S,2,PT08M37.00S,0,0,37,25,-0.044,3.164,36.956,28.164,2011-12-28,0,0,1,1
21100024,5,1610612766,1610612748,2564,2679,201571,201591,201974,436,2203,2544,2617,202708,72,4,4,2.214,4.0,923,995,2,PT08M37.00S,2,PT07M25.00S,37,25,41,29,36.956,28.164,39.169,32.164,2011-12-28,0,0,1,1
21100024,6,1610612766,1610612748,2564,201571,201591,201945,201974,436,2203,2544,201202,201596,283,12,9,8.716,9.0,1386,1669,2,PT00M54.30S,3,PT08M11.00S,54,43,66,52,51.526,44.567,60.241,53.567,2011-12-28,0,0,1,1
21100024,7,1610612766,1610612748,2564,201591,201945,201974,202689,436,2203,2544,2617,201596,118,0,0,0.0,0.0,1959,2077,3,PT03M21.00S,3,PT01M23.00S,0,0,0,0,-3.655,-0.44,-3.655,-0.44,2011-12-28,0,0,1,1
21100024,8,1610612766,1610612748,2564,201591,201945,201974,202689,436,2203,2548,2617,201596,6,0,0,0.0,0.0,2077,2083,3,PT01M23.00S,3,PT01M17.00S,0,0,0,0,-3.655,-0.44,-3.655,-0.44,2011-12-28,0,0,1,1
21100024,9,1610612766,1610612748,201591,201945,201957,201974,202689,436,2203,2548,2617,201596,270,0,0,-1.647,1.028,2083,2353,3,PT01M17.00S,4,PT08M47.00S,0,0,0,0,-3.655,-0.44,-5.302,0.588,2011-12-28,0,0,1,1
21100024,10,1610612766,1610612748,1894,201591,201945,201957,202689,436,2544,2548,2617,201596,60,79,75,80.06,75.0,2353,2413,4,PT08M47.00S,4,PT07M47.00S,0,0,79,75,-5.302,0.588,74.758,75.588,2011-12-28,0,0,1,1
21100024,11,1610612766,1610612748,1894,201571,201591,201945,201957,436,2544,2548,2617,201596,33,-79,-75,-79.0,-75.0,2413,2446,4,PT07M47.00S,4,PT07M14.00S,79,75,0,0,74.758,75.588,-4.242,0.588,2011-12-28,0,0,1,1
21100024,12,1610612766,1610612748,1894,2564,201571,201591,201945,436,2544,2548,2617,201596,88,0,0,0.0,0.0,2446,2534,4,PT07M14.00S,4,PT05M46.00S,0,0,0,0,-4.242,0.588,-4.242,0.588,2011-12-28,0,0,1,1
21100024,13,1610612766,1610612748,1894,2564,201571,201591,201945,436,2544,2548,2617,201596,138,0,0,0.0,-3.357,2534,2672,4,PT05M46.00S,4,PT03M28.00S,0,0,0,0,-4.242,0.588,-4.242,-2.769,2011-12-28,0,0,1,1
21100024,14,1610612766,1610612748,1894,2564,201571,201945,202687,436,2544,2548,2617,201596,8,85,86,85.0,86.0,2672,2680,4,PT03M28.00S,4,PT03M20.00S,0,0,85,86,-4.242,-2.769,80.758,83.231,2011-12-28,0,0,1,1
21100024,15,1610612766,1610612748,1894,2564,201571,201591,201945,436,2544,2548,2617,201596,180,-85,-86,-84.072,-86.0,2680,2860,4,PT03M20.00S,4,PT00M19.60S,85,86,0,0,80.758,83.231,-3.314,-2.769,2011-12-28,0,0,1,1
21100024,16,1610612766,1610612748,1894,2564,201571,201591,201945,436,2203,2544,2548,2617,8,0,0,-1.572,0.0,2860,2868,4,PT00M19.60S,4,PT00M12.20S,0,0,0,0,-3.314,-2.769,-4.887,-2.769,2011-12-28,0,0,1,1
21100024,17,1610612766,1610612748,1894,2564,201571,201591,201945,436,2203,2544,2548,201596,9,0,0,0.0,0.0,2868,2877,4,PT00M12.20S,4,PT00M02.90S,0,0,0,0,-4.887,-2.769,-4.887,-2.769,2011-12-28,0,0,1,1
21100024,18,1610612766,1610612748,1894,2564,201571,201591,201945,436,2203,2544,2548,2617,3,95,96,96.093,96.0,2877,2880,4,PT00M02.90S,4,PT00M00.00S,0,0,95,96,-4.887,-2.769,91.207,93.231,2011-12-28,0,0,1,1
21100025,0,1610612737,1610612764,2207,2746,101107,201143,201952,1740,101154,201580,202322,202348,334,19,4,11.107,6.135,0,334,1,PT12M00.00S,1,PT06M26.00S,0,0,19,4,0.0,0.0,11.107,6.135,2011-12-28,0,0,1,1
21100025,1,1610612737,1610612764,1503,2207,2746,201143,201952,1740,101154,201580,202322,202348,29,0,1,1.086,1.0,334,363,1,PT06M26.00S,1,PT05M57.00S,19,4,19,5,11.107,6.135,12.193,7.135,2011-12-28,0,0,1,1
21100025,2,1610612737,1610612764,1503,2207,2457,2746,201143,1740,101142,101154,201156,202322,89,0,3,1.09,3.0,363,452,1,PT05M57.00S,1,PT04M28.00S,19,5,19,8,12.193,7.135,13.283,10.135,2011-12-28,0,0,1,1
21100025,3,1610612737,1610612764,1503,2207,2457,2585,201143,1740,101142,101154,201156,202322,146,2,4,3.09,4.0,452,598,1,PT04M28.00S,1,PT02M02.00S,19,8,21,12,13.283,10.135,16.374,14.135,2011-12-28,0,0,1,1
21100025,4,1610612737,1610612764,1503,2209,2457,2584,2585,101142,201156,202344,202698,202714,211,7,7,8.011,6.191,598,809,1,PT02M02.00S,2,PT10M31.00S,21,12,28,19,16.374,14.135,24.384,20.327,2011-12-28,0,0,1,1
21100025,5,1610612737,1610612764,1503,2209,2457,2584,2585,1740,101142,201156,202698,202714,68,2,3,3.09,1.368,809,877,2,PT10M31.00S,2,PT09M23.00S,28,19,30,22,24.384,20.327,27.475,21.695,2011-12-28,0,0,1,1
21100025,6,1610612737,1610612764,1503,2209,2584,2585,201952,1740,201156,201580,202698,202714,5,0,2,0.0,2.0,877,882,2,PT09M23.00S,2,PT09M18.00S,30,22,30,24,27.475,21.695,27.475,23.695,2011-12-28,0,0,1,1
21100025,7,1610612737,1610612764,2209,2584,2585,101107,201952,1740,201156,201580,202698,202714,7,0,0,0.0,0.0,882,889,2,PT09M18.00S,2,PT09M11.00S,30,24,30,24,27.475,23.695,27.475,23.695,2011-12-28,0,0,1,1
21100025,8,1610612737,1610612764,2209,2585,2746,101107,201952,1740,201156,201580,202698,202714,14,1,0,1.0,0.0,889,903,2,PT09M11.00S,2,PT08M57.00S,30,24,31,24,27.475,23.695,28.475,23.695,2011-12-28,0,0,1,1
21100025,9,1610612737,1610612764,2209,2585,2746,101107,201952,1740,201156,201580,202322,202698,99,4,9,4.0,5.824,903,1002,2,PT08M57.00S,2,PT07M18.00S,31,24,35,33,28.475,23.695,32.475,29.519,2011-12-28,0,0,1,1
21100025,10,1610612737,1610612764,2207,2746,101107,201143,201952,1740,201156,201580,202322,202698,36,3,0,3.0,0.0,1002,1038,2,PT07M18.00S,2,PT06M42.00S,35,33,38,33,32.475,29.519,35.475,29.519,2011-12-28,0,0,1,1
21100025,11,1610612737,1610612764,2207,2746,101107,201143,201952,1740,101154,201156,201580,202322,196,7,4,10.302,5.075,1038,1234,2,PT06M42.00S,2,PT03M26.00S,38,33,45,37,35.475,29.519,45.777,34.594,2011-12-28,0,0,1,1
21100025,12,1610612737,1610612764,2207,2746,101107,201143,201952,1740,101154,201580,202322,202348,29,1,0,1.0,0.0,1234,1263,2,PT03M26.00S,2,PT02M57.00S,45,37,46,37,45.777,34.594,46.777,34.594,2011-12-28,0,0,1,1
21100025,13,1610612737,1610612764,2207,2746,101107,201143,201952,101154,201580,202322,202348,202698,74,3,2,4.086,2.0,1263,1337,2,PT02M57.00S,2,PT01M43.00S,46,37,49,39,46.777,34.594,50.862,36.594,2011-12-28,0,0,1,1
21100025,14,1610612737,1610612764,1503,2207,2746,101107,201143,101154,201580,202322,202348,202698,81,5,3,5.0,3.0,1337,1418,2,PT01M43.00S,2,PT00M21.90S,49,39,54,42,50.862,36.594,55.862,39.594,2011-12-28,0,0,1,1
21100025,15,1610612737,1610612764,2209,2457,2746,101107,201143,101154,201156,201580,202322,202348,346,16,12,12.349,10.457,1418,1764,2,PT00M21.90S,3,PT06M36.00S,54,42,70,54,55.862,39.594,68.212,50.051,2011-12-28,0,0,1,1
21100025,16,1610612737,1610612764,1503,2209,2457,2584,2585,101142,101154,201156,202322,202698,318,10,13,10.605,14.075,2048,2366,3,PT01M52.00S,4,PT08M34.00S,79,59,89,72,78.199,53.247,88.804,67.322,2011-12-28,0,0,1,1
21100025,17,1610612737,1610612764,2207,2746,101107,201143,201952,2427,201156,202338,202698,202714,103,0,0,0.0,0.0,2366,2469,4,PT08M34.00S,4,PT06M51.00S,89,72,89,72,88.804,67.322,88.804,67.322,2011-12-28,0,0,1,1
21100025,18,1610612737,1610612764,2207,2746,101107,201143,201952,2427,202338,202348,202698,202714,105,0,2,1.086,2.0,2469,2574,4,PT06M51.00S,4,PT05M06.00S,89,72,89,74,88.804,67.322,89.89,69.322,2011-12-28,0,0,1,1
21100025,19,1610612737,1610612764,2207,2746,101107,201143,201952,201156,201580,202322,202348,202698,169,7,4,7.0,6.047,2574,2743,4,PT05M06.00S,4,PT02M17.00S,89,74,96,78,89.89,69.322,96.89,75.37,2011-12-28,0,0,1,1
21100025,20,1610612737,1610612764,2584,101107,201143,201274,201952,201156,201580,202344,202348,202714,23,0,2,0.0,0.335,2743,2766,4,PT02M17.00S,4,PT01M54.00S,96,78,96,80,96.89,75.37,96.89,75.705,2011-12-28,0,0,1,1
21100025,21,1610612737,1610612764,2209,2457,2584,101107,201274,201156,201580,202344,202348,202714,114,5,3,3.384,5.916,2766,2880,4,PT01M54.00S,4,PT00M00.00S,96,80,101,83,96.89,75.705,100.273,81.621,2011-12-28,0,0,1,1
21100026,0,1610612765,1610612739,2419,2732,201155,201973,202328,1515,1712,2760,201956,202681,451,0,0,3.463,-3.244,0,451,1,PT12M00.00S,1,PT04M29.00S,0,0,0,0,0.0,0.0,3.463,-3.244,2011-12-28,0,0,1,1
21100026,1,1610612765,1610612739,1112,2419,2732,201155,201973,1515,1712,2760,201196,202087,22,13,15,13.0,15.0,451,473,1,PT04M29.00S,1,PT04M07.00S,0,0,13,15,3.463,-3.244,16.463,11.756,2011-12-28,0,0,1,1
21100026,2,1610612765,1610612739,2419,2732,201155,201973,202328,1712,2760,200789,201196,202087,32,3,1,1.427,1.0,473,505,1,PT04M07.00S,1,PT03M35.00S,13,15,16,16,16.463,11.756,17.889,12.756,2011-12-28,0,0,1,1
21100026,3,1610612765,1610612739,2419,2732,101131,201155,202328,2760,200789,201196,202087,202684,15,-16,-16,-16.0,-17.713,505,520,1,PT03M35.00S,1,PT03M20.00S,16,16,0,0,17.889,12.756,1.889,-4.957,2011-12-28,0,0,1,1
21100026,4,1610612765,1610612739,2419,2732,101131,201155,202328,200789,201196,202087,202396,202684,67,0,0,0.968,0.0,520,587,1,PT03M20.00S,1,PT02M13.00S,0,0,0,0,1.889,-4.957,2.858,-4.957,2011-12-28,0,0,1,1
21100026,5,1610612765,1610612739,2419,2732,101131,202328,202688,200789,201196,202087,202396,202684,56,0,0,0.0,0.0,587,643,1,PT02M13.00S,1,PT01M17.00S,0,0,0,0,2.858,-4.957,2.858,-4.957,2011-12-28,0,0,1,1
21100026,6,1610612765,1610612739,2732,101131,201948,202328,202688,200789,201196,202087,202396,202684,72,0,0,-1.674,0.0,643,715,1,PT01M17.00S,1,PT00M05.00S,0,0,0,0,2.858,-4.957,1.184,-4.957,2011-12-28,0,0,1,1
21100026,7,1610612765,1610612739,1112,2732,101131,201948,202688,200789,201196,202087,202396,202684,269,0,0,0.0,1.072,715,984,1,PT00M05.00S,2,PT07M36.00S,0,0,0,0,1.184,-4.957,1.184,-3.885,2011-12-28,0,0,1,1
21100026,8,1610612765,1610612739,2732,201948,201973,202328,202688,200789,201196,202087,202396,202684,29,0,0,0.0,0.0,984,1013,2,PT07M36.00S,2,PT07M07.00S,0,0,0,0,1.184,-3.885,1.184,-3.885,2011-12-28,0,0,1,1
21100026,9,1610612765,1610612739,2732,201948,201973,202328,202688,1712,200789,201196,202087,202396,102,0,0,-1.662,0.0,1013,1115,2,PT07M07.00S,2,PT05M25.00S,0,0,0,0,1.184,-3.885,-0.478,-3.885,2011-12-28,0,0,1,1
21100026,10,1610612765,1610612739,2419,2732,201973,202328,202688,1515,1712,2760,201956,202681,166,34,47,34.0,47.0,1226,1392,2,PT03M34.00S,2,PT00M47.80S,0,0,34,47,-0.478,-3.885,33.522,43.115,2011-12-28,0,0,1,1
21100026,11,1610612765,1610612739,2419,2732,201948,202328,202688,1515,1712,2760,201956,202681,36,-34,-47,-34.0,-45.882,1392,1428,2,PT00M47.80S,2,PT00M11.70S,34,47,0,0,33.522,43.115,-0.478,-2.767,2011-12-28,0,0,1,1
21100026,12,1610612765,1610612739,2732,201155,201948,202328,202688,1515,2760,200789,201956,202681,227,0,0,-4.857,1.206,1428,1655,2,PT00M11.70S,3,PT08M25.00S,0,0,0,0,-0.478,-2.767,-5.335,-1.561,2011-12-28,0,0,1,1
21100026,13,1610612765,1610612739,2732,101131,201948,202328,202688,1515,2760,200789,201956,202681,113,0,0,-1.504,-1.736,1741,1854,3,PT06M59.00S,3,PT05M06.00S,0,0,0,0,-4.132,-1.561,-5.636,-3.296,2011-12-28,0,0,1,1
21100026,14,1610612765,1610612739,2732,101131,201948,202328,202688,1515,2760,200789,201196,202087,60,0,0,0.0,0.0,1854,1914,3,PT05M06.00S,3,PT04M06.00S,0,0,0,0,-5.636,-3.296,-5.636,-3.296,2011-12-28,0,0,1,1
21100026,15,1610612765,1610612739,2732,101131,201948,202328,202688,2760,200789,201196,202087,202684,88,66,73,66.0,71.287,1914,2002,3,PT04M06.00S,3,PT02M38.00S,0,0,66,73,-5.636,-3.296,60.364,67.99,2011-12-28,0,0,1,1
21100026,16,1610612765,1610612739,101131,201155,201948,202328,202688,200789,201196,202087,202396,202684,84,-66,-73,-64.967,-73.0,2002,2086,3,PT02M38.00S,3,PT01M14.00S,66,73,0,0,60.364,67.99,-4.603,-5.01,2011-12-28,0,0,1,1
21100026,17,1610612765,1610612739,101131,201155,201948,202328,202688,200789,201196,202087,202396,202684,27,68,76,68.0,76.0,2086,2113,3,PT01M14.00S,3,PT00M47.00S,0,0,68,76,-4.603,-5.01,63.397,70.99,2011-12-28,0,0,1,1
21100026,18,1610612765,1610612739,1112,2732,101131,201155,201948,200789,201196,202087,202396,202684,246,-68,-76,-65.684,-78.103,2113,2359,3,PT00M47.00S,4,PT08M41.00S,68,76,0,0,63.397,70.99,-2.287,-7.113,2011-12-28,0,0,1,1
21100026,19,1610612765,1610612739,1112,2732,101131,201155,202688,200789,201196,202087,202396,202684,84,0,0,-0.705,-1.802,2359,2443,4,PT08M41.00S,4,PT07M17.00S,0,0,0,0,-2.287,-7.113,-2.992,-8.916,2011-12-28,0,0,1,1
21100026,20,1610612765,1610612739,2732,101131,201155,202328,202688,200789,201196,202087,202396,202684,99,0,0,0.0,-1.743,2443,2542,4,PT07M17.00S,4,PT05M38.00S,0,0,0,0,-2.992,-8.916,-2.992,-10.659,2011-12-28,0,0,1,1
21100027,0,1610612763,1610612760,2216,200752,201144,201188,202951,2555,2570,201142,201566,201586,24,0,0,0.0,0.0,0,24,1,PT12M00.00S,1,PT11M36.00S,0,0,0,0,0.0,0.0,0.0,0.0,2011-12-28,0,0,1,1
21100027,1,1610612763,1610612760,2216,201188,201564,202347,202951,1737,201142,201935,201953,202332,83,16,20,16.0,21.183,543,626,1,PT02M57.00S,1,PT01M34.00S,0,0,16,20,0.0,0.671,16.0,21.854,2011-12-28,0,0,1,1
21100027,2,1610612763,1610612760,2216,201188,201564,202347,202729,1737,201161,201935,201953,202332,236,-16,-20,-15.435,-21.125,626,862,1,PT01M34.00S,2,PT09M38.00S,16,20,0,0,16.0,21.854,0.565,0.73,2011-12-28,0,0,1,1
21100027,3,1610612763,1610612760,2216,2754,201188,201564,202729,1737,201161,201935,201953,202332,46,0,0,0.0,0.0,862,908,2,PT09M38.00S,2,PT08M52.00S,0,0,0,0,0.565,0.73,0.565,0.73,2011-12-28,0,0,1,1
21100027,4,1610612763,1610612760,2216,2754,201188,201564,202951,1737,201161,201935,201953,202332,79,0,0,0.0,-0.751,908,987,2,PT08M52.00S,2,PT07M33.00S,0,0,0,0,0.565,0.73,0.565,-0.021,2011-12-28,0,0,1,1
21100027,5,1610612763,1610612760,2216,2754,200752,201188,202951,1737,2570,201142,201566,201935,19,0,0,0.0,1.096,987,1006,2,PT07M33.00S,2,PT07M14.00S,0,0,0,0,0.565,-0.021,0.565,1.075,2011-12-28,0,0,1,1
21100027,6,1610612763,1610612760,2216,2668,2754,200752,202951,1737,2570,201142,201566,201935,69,0,0,-0.0,0.0,1024,1093,2,PT06M56.00S,2,PT05M47.00S,0,0,0,0,0.565,1.075,0.565,1.075,2011-12-28,0,0,1,1
21100027,7,1610612763,1610612760,2216,2754,200752,201564,202951,2570,200757,201142,201566,201935,302,49,52,49.947,50.286,1093,1395,2,PT05M47.00S,2,PT00M45.10S,0,0,49,52,0.565,1.075,50.511,51.361,2011-12-28,0,0,1,1
21100027,8,1610612763,1610612760,2216,2754,200752,201564,202951,1737,200757,201142,201566,201935,557,-49,-52,-48.693,-51.607,1395,1952,2,PT00M45.10S,3,PT03M28.00S,49,52,0,0,50.511,51.361,1.819,-0.246,2011-12-28,0,0,1,1
21100027,9,1610612763,1610612760,2216,2754,200752,201564,202951,1737,2555,201142,201566,201935,9,0,0,0.0,0.0,1952,1961,3,PT03M28.00S,3,PT03M19.00S,0,0,0,0,1.819,-0.246,1.819,-0.246,2011-12-28,0,0,1,1
21100027,10,1610612763,1610612760,2754,200752,201188,202347,202951,200757,201142,201566,201935,201953,1,92,95,92.0,95.0,2875,2876,4,PT00M05.00S,4,PT00M04.00S,0,0,92,95,10.165,-3.041,102.165,91.959,2011-12-28,0,0,1,1
21100027,11,1610612763,1610612760,2216,200752,201188,201564,202951,200757,201142,201566,201935,201953,4,0,0,-0.644,0.0,2876,2880,4,PT00M04.00S,4,PT00M00.00S,0,0,0,0,10.165,-3.041,9.521,-3.041,2011-12-28,0,0,1,1
21100028,0,1610612740,1610612738,2731,2772,101127,201158,201171,708,951,979,2562,200765,268,6,9,4.468,8.644,0,268,1,PT12M00.00S,1,PT07M32.00S,0,0,6,9,0.0,0.0,4.468,8.644,2011-12-28,0,0,1,1
21100028,1,1610612740,1610612738,2549,2731,2772,101127,201158,708,951,979,2562,200765,30,0,0,0.0,1.22,268,298,1,PT07M32.00S,1,PT07M02.00S,6,9,6,9,4.468,8.644,4.468,9.864,2011-12-28,0,0,1,1
21100028,2,1610612740,1610612738,2549,2731,2772,101127,201158,951,979,2562,101138,200765,5,0,0,0.0,0.0,298,303,1,PT07M02.00S,1,PT06M57.00S,6,9,6,9,4.468,9.864,4.468,9.864,2011-12-28,0,0,1,1
21100028,3,1610612740,1610612738,2549,2731,2772,101127,201158,951,2562,101138,200765,201880,59,4,0,4.0,1.131,303,362,1,PT06M57.00S,1,PT05M58.00S,6,9,10,9,4.468,9.864,8.468,10.995,2011-12-28,0,0,1,1
21100028,4,1610612740,1610612738,2549,2731,2772,101127,201158,2039,2605,101138,200765,201880,102,3,5,3.0,3.349,362,464,1,PT05M58.00S,1,PT04M16.00S,10,9,13,14,8.468,10.995,11.468,14.344,2011-12-28,0,0,1,1
21100028,5,1610612740,1610612738,2549,2772,101127,201158,201160,2039,2605,101138,200765,201880,93,1,2,2.134,3.0,464,557,1,PT04M16.00S,1,PT02M43.00S,13,14,14,16,11.468,14.344,13.602,17.344,2011-12-28,0,0,1,1
21100028,6,1610612740,1610612738,2549,101127,201158,201160,202329,2039,2605,101138,201880,202340,39,3,0,3.0,0.0,557,596,1,PT02M43.00S,1,PT02M04.00S,14,16,17,16,13.602,17.344,16.602,17.344,2011-12-28,0,0,1,1
21100028,7,1610612740,1610612738,2549,101127,201158,201160,202329,708,2039,2605,101138,202340,52,4,2,4.0,2.853,596,648,1,PT02M04.00S,1,PT01M12.00S,17,16,21,18,16.602,17.344,20.602,20.196,2011-12-28,0,0,1,1
21100028,8,1610612740,1610612738,2549,201158,201160,202329,202349,708,2039,2605,101138,202340,16,1,0,1.0,0.0,648,664,1,PT01M12.00S,1,PT00M55.50S,21,18,22,18,20.602,20.196,21.602,20.196,2011-12-28,0,0,1,1
21100028,9,1610612740,1610612738,2549,2772,201171,202329,202349,708,2039,2605,101138,202340,189,8,2,10.079,3.0,664,853,1,PT00M55.50S,2,PT09M47.00S,22,18,30,20,21.602,20.196,31.68,23.196,2011-12-28,0,0,1,1
21100028,10,1610612740,1610612738,2549,2772,101127,201171,202349,708,2039,2605,101138,202340,122,0,4,1.028,4.0,853,975,2,PT09M47.00S,2,PT07M45.00S,30,20,30,24,31.68,23.196,32.708,27.196,2011-12-28,0,0,1,1
21100028,11,1610612740,1610612738,2731,2772,101127,201158,201171,2039,2562,101138,200765,202340,59,2,0,2.0,1.051,1137,1196,2,PT05M03.00S,2,PT04M04.00S,36,29,38,29,39.806,30.709,41.806,31.76,2011-12-28,0,0,1,1
21100028,12,1610612740,1610612738,2731,2772,101127,201158,201160,2605,201880,202340,202707,202734,67,3,0,1.344,0.0,2678,2745,4,PT03M22.00S,4,PT02M15.00S,92,74,95,74,94.191,70.57,95.536,70.57,2011-12-28,0,0,1,1
21100028,13,1610612740,1610612738,201160,201234,201291,202329,202498,2605,201880,202340,202707,202734,135,2,4,2.0,5.092,2745,2880,4,PT02M15.00S,4,PT00M00.00S,95,74,97,78,95.536,70.57,97.536,75.662,2011-12-28,0,0,1,1
21100029,0,1610612759,1610612746,1495,1938,2210,2225,201971,1497,2406,101108,201599,201933,304,0,0,-2.097,2.11,0,304,1,PT12M00.00S,1,PT06M56.00S,0,0,0,0,0.0,0.0,-2.097,2.11,2011-12-28,0,0,1,1
21100029,1,1610612759,1610612746,1495,1938,2225,201971,202695,1497,2406,101108,201599,201933,30,0,0,0.0,0.0,304,334,1,PT06M56.00S,1,PT06M26.00S,0,0,0,0,-2.097,2.11,-2.097,2.11,2011-12-28,0,0,1,1
21100029,2,1610612759,1610612746,1495,1938,2225,201971,202695,2590,101108,101155,201599,201933,188,0,0,0.0,1.061,334,522,1,PT06M26.00S,1,PT03M18.00S,0,0,0,0,-2.097,2.11,-2.097,3.171,2011-12-28,0,0,1,1
21100029,3,1610612759,1610612746,2225,201168,201971,202341,202695,2590,101108,101155,201599,201933,75,0,0,0.0,-0.0,522,597,1,PT03M18.00S,1,PT02M03.00S,0,0,0,0,-2.097,3.171,-2.097,3.171,2011-12-28,0,0,1,1
21100029,4,1610612759,1610612746,2225,201168,201971,202341,202695,2590,101155,200751,201599,201933,69,0,0,0.933,0.0,597,666,1,PT02M03.00S,1,PT00M54.00S,0,0,0,0,-2.097,3.171,-1.164,3.171,2011-12-28,0,0,1,1
21100029,5,1610612759,1610612746,2551,2588,201168,202341,202695,2567,2590,101155,200751,201933,27,0,0,0.0,0.0,666,693,1,PT00M54.00S,1,PT00M26.90S,0,0,0,0,-1.164,3.171,-1.164,3.171,2011-12-28,0,0,1,1
21100029,6,1610612759,1610612746,1938,2551,2588,201168,202341,2567,2590,101155,200751,201933,199,33,23,33.438,25.048,693,892,1,PT00M26.90S,2,PT09M08.00S,0,0,33,23,-1.164,3.171,32.273,28.219,2011-12-28,0,0,1,1
21100029,7,1610612759,1610612746,1938,2551,2588,201168,202341,2406,2590,101108,101155,201599,156,-33,-23,-30.513,-23.692,892,1048,2,PT09M08.00S,2,PT06M32.00S,33,23,0,0,32.273,28.219,1.76,4.527,2011-12-28,0,0,1,1
