game_id,stint_index,home_id,away_id,home_p1,home_p2,home_p3,home_p4,home_p5,away_p1,away_p2,away_p3,away_p4,away_p5,seconds,home_pts,away_pts,home_pts_adj,away_pts_adj,start_elapsed,end_elapsed,start_period,start_clock,end_period,end_clock,start_home_score,start_away_score,end_home_score,end_away_score,start_home_score_adj,start_away_score_adj,end_home_score_adj,end_away_score_adj,date,home_inferred_count,away_inferred_count,home_lineup_complete,away_lineup_complete
21000001,0,1610612738,1610612748,406,708,951,1718,200765,2306,2544,2547,2548,201202,396,11,6,10.667,6.0,0,396,1,PT12M00.00S,1,PT05M24.00S,0,0,11,6,0.0,0.0,10.667,6.0,2010-10-26,0,0,1,1
21000001,1,1610612738,1610612748,708,951,1718,200765,201175,2544,2547,2548,2592,201202,98,3,2,1.429,2.965,396,494,1,PT05M24.00S,1,PT03M46.00S,11,6,14,8,10.667,6.0,12.096,8.965,2010-10-26,0,0,1,1
21000001,2,1610612738,1610612748,708,951,1718,200765,201175,2544,2548,2592,2617,201202,48,0,0,0.0,2.434,494,542,1,PT03M46.00S,1,PT02M58.00S,14,8,14,8,12.096,8.965,12.096,11.398,2010-10-26,0,0,1,1
21000001,3,1610612738,1610612748,951,979,1718,200765,201175,2544,2548,2592,2617,201202,41,0,1,1.136,1.0,542,583,1,PT02M58.00S,1,PT02M17.00S,14,8,14,9,12.096,11.398,13.232,12.398,2010-10-26,0,0,1,1
21000001,4,1610612738,1610612748,951,979,2605,200765,201175,2067,2544,2592,2617,201202,354,11,4,13.188,2.151,583,937,1,PT02M17.00S,2,PT08M23.00S,14,9,25,13,13.232,12.398,26.42,14.549,2010-10-26,0,0,1,1
21000001,5,1610612738,1610612748,708,951,2605,200765,201175,980,2067,2544,2592,2617,102,4,5,4.0,3.459,1937,2039,3,PT03M43.00S,3,PT02M01.00S,58,45,62,50,57.093,46.356,61.093,49.816,2010-10-26,0,0,1,1
21000001,6,1610612738,1610612748,951,979,2605,200765,201175,980,2067,2544,2592,2617,169,1,7,1.844,6.547,2039,2208,3,PT02M01.00S,4,PT11M12.00S,62,50,63,57,61.093,49.816,62.937,56.363,2010-10-26,0,0,1,1
21000001,7,1610612738,1610612748,979,2605,101126,200765,201175,980,2067,2544,2592,2617,19,1,0,1.0,0.0,2208,2227,4,PT11M12.00S,4,PT10M53.00S,63,57,64,57,62.937,56.363,63.937,56.363,2010-10-26,0,0,1,1
21000001,8,1610612738,1610612748,979,2605,101126,200765,201175,2067,2544,2547,2592,2617,10,0,0,0.0,0.0,2227,2237,4,PT10M53.00S,4,PT10M43.00S,64,57,64,57,63.937,56.363,63.937,56.363,2010-10-26,0,0,1,1
21000001,9,1610612738,1610612748,979,1718,101126,200765,201175,2067,2544,2547,2592,2617,96,2,4,3.135,4.0,2237,2333,4,PT10M43.00S,4,PT09M07.00S,64,57,66,61,63.937,56.363,67.072,60.363,2010-10-26,0,0,1,1
21000001,10,1610612738,1610612748,708,1718,101126,200765,201175,2067,2547,2548,2592,2617,104,7,3,5.358,1.51,2333,2437,4,PT09M07.00S,4,PT07M23.00S,66,61,73,64,67.072,60.363,72.429,61.873,2010-10-26,0,0,1,1
21000001,11,1610612738,1610612748,708,951,1718,200765,201175,2544,2547,2548,2592,2617,275,10,8,6.76,8.944,2437,2712,4,PT07M23.00S,4,PT02M48.00S,73,64,83,72,72.429,61.873,79.189,70.816,2010-10-26,0,0,1,1
21000001,12,1610612738,1610612748,708,951,1718,200765,201175,2067,2544,2547,2548,2617,141,5,8,3.519,7.116,2712,2853,4,PT02M48.00S,4,PT00M27.40S,83,72,88,80,79.189,70.816,82.708,77.932,2010-10-26,0,0,1,1
21000001,13,1610612738,1610612748,708,951,1718,2605,200765,2067,2544,2547,2548,2592,27,0,0,0.0,0.0,2853,2880,4,PT00M27.40S,4,PT00M00.00S,88,80,88,80,82.708,77.932,82.708,77.932,2010-10-26,0,0,1,1
21000002,0,1610612757,1610612756,948,1889,200746,200750,201587,255,959,2045,2202,201577,363,0,0,-2.313,-2.938,0,363,1,PT12M00.00S,1,PT05M57.00S,0,0,0,0,0.0,0.0,-2.313,-2.938,2010-10-26,0,0,1,1
21000002,1,1610612757,1610612756,948,1889,200746,200750,201587,255,959,2202,101112,201577,23,0,0,0.0,0.0,363,386,1,PT05M57.00S,1,PT05M34.00S,0,0,0,0,-2.313,-2.938,-2.313,-2.938,2010-10-26,0,0,1,1
21000002,2,1610612757,1610612756,948,1889,200746,200750,202083,255,959,2202,101112,201577,68,21,17,21.0,17.0,386,454,1,PT05M34.00S,1,PT04M26.00S,0,0,21,17,-2.313,-2.938,18.687,14.062,2010-10-26,0,0,1,1
21000002,3,1610612757,1610612756,948,200746,200750,201164,202083,255,959,2202,101112,201577,43,-21,-17,-21.0,-17.0,454,497,1,PT04M26.00S,1,PT03M43.00S,21,17,0,0,18.687,14.062,-2.313,-2.938,2010-10-26,0,0,1,1
21000002,4,1610612757,1610612756,200746,200750,201164,201967,202083,255,959,2202,101112,101124,78,0,0,1.005,-1.641,497,575,1,PT03M43.00S,1,PT02M25.00S,0,0,0,0,-2.313,-2.938,-1.308,-4.579,2010-10-26,0,0,1,1
21000002,5,1610612757,1610612756,200746,200750,201164,201967,202083,959,2202,101112,101124,201162,61,26,24,26.0,24.0,575,636,1,PT02M25.00S,1,PT01M24.00S,0,0,26,24,-1.308,-4.579,24.692,19.421,2010-10-26,0,0,1,1
21000002,6,1610612757,1610612756,101177,200750,201164,201967,202083,959,2735,101112,101124,201162,37,-26,-24,-26.0,-24.0,636,673,1,PT01M24.00S,1,PT00M47.10S,26,24,0,0,24.692,19.421,-1.308,-4.579,2010-10-26,0,0,1,1
21000002,7,1610612757,1610612756,101177,200750,201164,201967,202083,2735,101112,101124,201162,201609,17,0,0,0.0,0.0,673,690,1,PT00M47.10S,1,PT00M29.70S,0,0,0,0,-1.308,-4.579,-1.308,-4.579,2010-10-26,0,0,1,1
21000002,8,1610612757,1610612756,200750,101177,201164,201967,202083,2735,101112,101124,201162,201609,129,31,27,29.378,28.091,690,819,1,PT00M29.70S,2,PT10M21.00S,0,0,31,27,-1.308,-4.579,28.07,23.512,2010-10-26,1,0,1,1
21000002,9,1610612757,1610612756,101177,948,201164,201967,202083,2735,101112,101124,201162,201609,73,-31,-27,-31.0,-27.0,819,892,2,PT10M21.00S,2,PT09M08.00S,31,27,0,0,28.07,23.512,-2.93,-3.488,2010-10-26,1,0,1,1
21000002,10,1610612757,1610612756,101177,948,201164,201967,202083,2735,101124,201162,201577,201609,17,0,0,0.0,0.0,892,909,2,PT09M08.00S,2,PT08M51.00S,0,0,0,0,-2.93,-3.488,-2.93,-3.488,2010-10-26,1,0,1,1
21000002,11,1610612757,1610612756,948,200746,201164,201587,202083,255,959,2202,101112,201162,301,0,0,1.071,-4.965,1434,1735,2,PT00M05.70S,3,PT07M05.00S,0,0,0,0,-6.423,-4.402,-5.351,-9.367,2010-10-26,1,0,1,1
21000002,12,1610612757,1610612756,948,200746,201164,201967,202083,959,2202,101112,101124,201162,240,0,0,0.0,-1.59,1891,2131,3,PT04M29.00S,3,PT00M29.00S,0,0,0,0,-7.817,-9.367,-7.817,-10.956,2010-10-26,1,0,1,1
21000002,13,1610612757,1610612756,948,200746,201164,201967,202083,2735,101112,101124,201162,201609,162,0,0,-0.454,-1.625,2131,2293,3,PT00M29.00S,4,PT09M47.00S,0,0,0,0,-7.817,-10.956,-8.271,-12.581,2010-10-26,1,0,1,1
21000002,14,1610612757,1610612756,948,200746,201164,201967,202083,2045,2735,101112,201162,201609,10,0,0,0.0,0.0,2293,2303,4,PT09M47.00S,4,PT09M37.00S,0,0,0,0,-8.271,-12.581,-8.271,-12.581,2010-10-26,1,0,1,1
21000002,15,1610612757,1610612756,948,200746,200750,201164,202083,2045,2735,101112,201162,201609,129,0,0,-0.647,3.364,2303,2432,4,PT09M37.00S,4,PT07M28.00S,0,0,0,0,-8.271,-12.581,-8.918,-9.217,2010-10-26,1,0,1,1
21000002,16,1610612757,1610612756,948,200746,200750,201164,201587,959,2045,2202,2735,101112,38,0,0,0.0,0.0,2432,2470,4,PT07M28.00S,4,PT06M50.00S,0,0,0,0,-8.918,-9.217,-8.918,-9.217,2010-10-26,1,0,1,1
21000002,17,1610612757,1610612756,948,200746,200750,201164,201587,959,2045,2202,2735,101112,66,0,0,0.0,0.0,2470,2536,4,PT06M50.00S,4,PT05M44.00S,0,0,0,0,-8.918,-9.217,-8.918,-9.217,2010-10-26,1,0,1,1
21000003,0,1610612747,1610612745,965,977,1885,1897,2200,2203,2397,2449,2755,201166,194,0,0,-1.742,-1.633,0,194,1,PT12M00.00S,1,PT08M46.00S,0,0,0,0,0.0,0.0,-1.742,-1.633,2010-10-26,0,0,1,1
21000003,1,1610612747,1610612745,965,977,1897,2200,202382,2203,2397,2449,2755,201166,134,0,0,0.965,-2.06,194,328,1,PT08M46.00S,1,PT06M32.00S,0,0,0,0,-1.742,-1.633,-0.776,-3.693,2010-10-26,0,0,1,1
21000003,2,1610612747,1610612745,689,965,977,1897,2200,2203,2397,2449,2755,201166,96,0,0,-0.61,-1.586,328,424,1,PT06M32.00S,1,PT04M56.00S,0,0,0,0,-0.776,-3.693,-1.386,-5.279,2010-10-26,0,0,1,1
21000003,3,1610612747,1610612745,689,965,977,1897,2200,1802,2203,2449,2755,201166,56,16,23,16.0,23.0,424,480,1,PT04M56.00S,1,PT04M00.00S,0,0,16,23,-1.386,-5.279,14.614,17.721,2010-10-26,0,0,1,1
21000003,4,1610612747,1610612745,689,977,1897,2200,2581,1802,2203,2449,2755,201166,61,-16,-23,-16.0,-21.879,480,541,1,PT04M00.00S,1,PT02M59.00S,16,23,0,0,14.614,17.721,-1.386,-4.157,2010-10-26,0,0,1,1
21000003,5,1610612747,1610612745,689,1897,2200,2581,200769,1802,2203,2449,2755,201166,42,0,0,0.0,0.0,541,583,1,PT02M59.00S,1,PT02M17.00S,0,0,0,0,-1.386,-4.157,-1.386,-4.157,2010-10-26,0,0,1,1
21000003,6,1610612747,1610612745,689,1897,2200,2581,200769,1802,2203,2755,101236,201166,79,24,28,24.965,28.0,583,662,1,PT02M17.00S,1,PT00M58.00S,0,0,24,28,-1.386,-4.157,23.579,23.843,2010-10-26,0,0,1,1
21000003,7,1610612747,1610612745,689,1897,2200,2581,200769,1802,2755,101236,201166,201978,15,-24,-28,-24.0,-28.0,662,677,1,PT00M58.00S,1,PT00M43.40S,24,28,0,0,23.579,23.843,-0.421,-4.157,2010-10-26,0,0,1,1
21000003,8,1610612747,1610612745,689,1897,2200,2581,200769,1802,101236,201166,201584,201978,258,0,0,1.942,-0.545,677,935,1,PT00M43.40S,2,PT08M25.00S,0,0,0,0,-0.421,-4.157,1.522,-4.702,2010-10-26,0,0,1,1
21000003,9,1610612747,1610612745,689,1897,2440,2581,200769,1802,2203,101236,201166,201978,54,71,81,71.0,82.008,1999,2053,3,PT02M41.00S,3,PT01M47.00S,0,0,71,81,6.432,-7.308,77.432,74.701,2010-10-26,0,0,1,1
21000003,10,1610612747,1610612745,689,1897,2440,2581,200769,1802,101236,201166,201584,201978,209,-71,-81,-75.941,-78.722,2053,2262,3,PT01M47.00S,4,PT10M18.00S,71,81,0,0,77.432,74.701,1.491,-4.021,2010-10-26,0,0,1,1
21000003,11,1610612747,1610612745,689,1897,2440,2581,200769,1802,2755,101236,201166,201584,55,0,0,0.871,0.0,2262,2317,4,PT10M18.00S,4,PT09M23.00S,0,0,0,0,1.491,-4.021,2.362,-4.021,2010-10-26,0,0,1,1
21000003,12,1610612747,1610612745,689,1897,2440,2581,200769,1802,2449,2755,201584,202397,99,0,0,-1.746,2.237,2317,2416,4,PT09M23.00S,4,PT07M44.00S,0,0,0,0,2.362,-4.021,0.615,-1.783,2010-10-26,0,0,1,1
21000003,13,1610612747,1610612745,689,1897,2440,2581,200769,1802,2203,2449,2755,201166,60,0,0,0.0,0.0,2416,2476,4,PT07M44.00S,4,PT06M44.00S,0,0,0,0,0.615,-1.783,0.615,-1.783,2010-10-26,0,0,1,1
21000003,14,1610612747,1610612745,689,977,1897,2581,200769,1802,2203,2449,2755,201166,14,0,0,0.0,0.0,2476,2490,4,PT06M44.00S,4,PT06M30.00S,0,0,0,0,0.615,-1.783,0.615,-1.783,2010-10-26,0,0,1,1
21000003,15,1610612747,1610612745,689,977,1897,2581,200769,1802,2203,2449,2755,201166,390,112,110,107.824,110.502,2490,2880,4,PT06M30.00S,4,PT00M00.00S,0,0,112,110,0.615,-1.783,108.439,108.719,2010-10-26,0,0,1,1
21000004,0,1610612739,1610612738,1515,2760,200081,201196,201581,406,708,951,1718,200765,394,14,13,14.0,13.0,0,394,1,PT12M00.00S,1,PT05M26.00S,0,0,14,13,0.0,0.0,14.0,13.0,2010-10-27,0,0,1,1
21000004,1,1610612739,1610612738,1515,2760,200081,200789,201581,708,951,2605,200765,201175,57,2,0,2.0,0.0,394,451,1,PT05M26.00S,1,PT04M29.00S,14,13,16,13,14.0,13.0,16.0,13.0,2010-10-27,0,0,1,1
21000004,2,1610612739,1610612738,1515,1712,200081,200789,200797,708,951,2605,200765,201175,76,0,4,0.0,2.277,451,527,1,PT04M29.00S,1,PT03M13.00S,16,13,16,17,16.0,13.0,16.0,15.277,2010-10-27,0,0,1,1
21000004,3,1610612739,1610612738,1515,1712,200081,200789,200797,951,979,2605,200765,201175,91,4,4,5.115,4.0,527,618,1,PT03M13.00S,1,PT01M42.00S,16,17,20,21,16.0,15.277,21.115,19.277,2010-10-27,0,0,1,1
21000004,4,1610612739,1610612738,1515,1712,200081,200789,200797,979,2605,101144,200765,201175,92,1,2,2.115,2.0,618,710,1,PT01M42.00S,1,PT00M09.70S,20,21,21,23,21.115,19.277,23.23,21.277,2010-10-27,0,0,1,1
21000004,5,1610612739,1610612738,1515,1712,200081,200789,200797,951,101126,101144,200765,201175,121,2,3,2.0,3.0,710,831,1,PT00M09.70S,2,PT10M09.00S,21,23,23,26,23.23,21.277,25.23,24.277,2010-10-27,0,0,1,1
21000004,6,1610612739,1610612738,1515,1712,200789,200797,201581,708,951,2605,200765,201175,68,1,4,2.115,4.0,1815,1883,3,PT05M45.00S,3,PT04M37.00S,54,62,55,66,58.631,57.705,60.746,61.705,2010-10-27,0,0,1,1
21000004,7,1610612739,1610612738,1515,1712,200789,200797,201581,951,979,2605,200765,201175,120,7,2,5.408,2.0,1883,2003,3,PT04M37.00S,3,PT02M37.00S,55,66,62,68,60.746,61.705,66.155,63.705,2010-10-27,0,0,1,1
21000004,8,1610612739,1610612738,1515,1712,101214,200789,200797,951,979,2605,200765,201175,42,2,0,2.0,0.0,2003,2045,3,PT02M37.00S,3,PT01M55.00S,62,68,64,68,66.155,63.705,68.155,63.705,2010-10-27,0,0,1,1
21000004,9,1610612739,1610612738,1515,1712,101214,200789,200797,951,979,2605,101126,201175,206,10,7,9.383,7.176,2045,2251,3,PT01M55.00S,4,PT10M29.00S,64,68,74,75,68.155,63.705,77.537,70.881,2010-10-27,0,0,1,1
21000004,10,1610612739,1610612738,1515,1712,2760,101214,200789,708,951,1718,200765,201175,82,0,3,0.0,3.0,2452,2534,4,PT07M08.00S,4,PT05M46.00S,82,79,82,82,85.537,76.015,85.537,79.015,2010-10-27,0,0,1,1
21000004,11,1610612739,1610612738,1515,1712,2760,200081,200789,708,951,1718,200765,201175,42,0,0,1.115,0.0,2534,2576,4,PT05M46.00S,4,PT05M04.00S,82,82,82,82,85.537,79.015,86.652,79.015,2010-10-27,0,0,1,1
21000004,12,1610612739,1610612738,1515,2760,200081,200789,201581,708,951,1718,200765,201175,115,3,2,2.41,4.363,2709,2824,4,PT02M51.00S,4,PT00M55.60S,86,84,89,86,91.63,79.374,94.04,83.737,2010-10-27,0,0,1,1
21000004,13,1610612739,1610612738,1515,2760,200789,201196,201581,708,951,1718,200765,201175,20,0,0,0.0,0.0,2824,2844,4,PT00M55.60S,4,PT00M35.60S,89,86,89,86,94.04,83.737,94.04,83.737,2010-10-27,0,0,1,1
21000004,14,1610612739,1610612738,1515,2760,200081,200789,201581,708,951,1718,200765,201175,12,1,0,1.0,0.0,2844,2856,4,PT00M35.60S,4,PT00M24.40S,89,86,90,86,94.04,83.737,95.04,83.737,2010-10-27,0,0,1,1
21000004,15,1610612739,1610612738,1515,2760,200081,200789,201196,708,951,1718,101126,200765,24,5,1,5.0,3.202,2856,2880,4,PT00M24.40S,4,PT00M00.00S,90,86,95,87,95.04,83.737,100.04,86.939,2010-10-27,0,0,1,1
21000005,0,1610612751,1610612765,693,2566,2734,201572,201627,1112,1888,2419,201155,201948,325,0,0,-1.55,0.99,0,325,1,PT12M00.00S,1,PT06M35.00S,0,0,0,0,0.0,0.0,-1.55,0.99,2010-10-27,0,0,1,1
21000005,1,1610612751,1610612765,2566,2734,201572,201627,202324,1112,1888,2419,201155,201948,70,0,0,0.0,-0.0,325,395,1,PT06M35.00S,1,PT05M25.00S,0,0,0,0,-1.55,0.99,-1.55,0.99,2010-10-27,0,0,1,1
21000005,2,1610612751,1610612765,2734,201572,201627,201944,202324,1112,1888,2419,201155,201948,87,0,0,0.0,0.0,395,482,1,PT05M25.00S,1,PT03M58.00S,0,0,0,0,-1.55,0.99,-1.55,0.99,2010-10-27,0,0,1,1
21000005,3,1610612751,1610612765,200770,201572,201627,201944,202324,1112,1888,2419,201155,201948,71,0,0,0.0,1.008,482,553,1,PT03M58.00S,1,PT02M47.00S,0,0,0,0,-1.55,0.99,-1.55,1.999,2010-10-27,0,0,1,1
21000005,4,1610612751,1610612765,200770,201572,201627,201944,202324,1112,2419,2732,101198,201948,116,0,0,-0.344,1.021,553,669,1,PT02M47.00S,1,PT00M50.70S,0,0,0,0,-1.55,1.999,-1.893,3.02,2010-10-27,0,0,1,1
21000005,5,1610612751,1610612765,200770,201572,201627,201944,202324,1112,1888,2732,101111,101198,363,0,0,-2.14,-2.389,669,1032,1,PT00M50.70S,2,PT06M48.00S,0,0,0,0,-1.893,3.02,-4.033,0.631,2010-10-27,0,0,1,1
21000005,6,1610612751,1610612765,2743,200770,201572,201627,201944,1112,1888,2732,101111,101198,32,0,0,0.0,0.0,1032,1064,2,PT06M48.00S,2,PT06M16.00S,0,0,0,0,-4.033,0.631,-4.033,0.631,2010-10-27,0,0,1,1
21000005,7,1610612751,1610612765,2734,2743,200770,201572,201627,1112,1888,2732,101111,101198,56,0,0,1.11,0.0,1064,1120,2,PT06M16.00S,2,PT05M20.00S,0,0,0,0,-4.033,0.631,-2.923,0.631,2010-10-27,0,0,1,1
21000005,8,1610612751,1610612765,2734,2743,200770,201572,201627,1112,1888,2419,101111,201155,2,0,0,0.0,0.0,1120,1122,2,PT05M20.00S,2,PT05M18.00S,0,0,0,0,-2.923,0.631,-2.923,0.631,2010-10-27,0,0,1,1
21000005,9,1610612751,1610612765,2743,101211,201572,201627,201944,1112,1888,2419,101111,201155,65,0,0,0.0,0.0,1205,1270,2,PT03M55.00S,2,PT02M50.00S,0,0,0,0,-1.947,-1.112,-1.947,-1.112,2010-10-27,0,0,1,1
21000005,10,1610612751,1610612765,2743,101211,201572,201627,201944,1112,1888,2419,101111,201155,71,37,41,37.0,41.0,1270,1341,2,PT02M50.00S,2,PT01M39.00S,0,0,37,41,-1.947,-1.112,35.053,39.888,2010-10-27,0,0,1,1
21000005,11,1610612751,1610612765,2743,200770,201627,201944,202324,1112,1888,2419,101111,201155,328,-37,-41,-37.0,-43.468,1341,1669,2,PT01M39.00S,3,PT08M11.00S,37,41,0,0,35.053,39.888,-1.947,-3.58,2010-10-27,0,0,1,1
21000005,12,1610612751,1610612765,2743,200770,201627,201944,202324,1112,1888,2419,101111,201155,373,0,0,-0.497,0.0,1669,2042,3,PT08M11.00S,3,PT01M58.00S,0,0,0,0,-1.947,-3.58,-2.443,-3.58,2010-10-27,0,0,1,1
21000005,13,1610612751,1610612765,101130,200770,201944,202324,202345,1888,2732,101111,101131,101198,164,0,0,-0.0,0.449,2112,2276,3,PT00M47.70S,4,PT10M04.00S,0,0,0,0,-2.443,-3.58,-2.443,-3.131,2010-10-27,0,0,1,1
21000005,14,1610612751,1610612765,2734,101130,200770,202324,202345,1888,2732,101111,101131,101198,5,0,0,0.0,0.0,2276,2281,4,PT10M04.00S,4,PT09M59.00S,0,0,0,0,-2.443,-3.131,-2.443,-3.131,2010-10-27,0,0,1,1
21000005,15,1610612751,1610612765,2734,101130,200770,201627,202324,1888,2732,101111,101131,101198,64,0,0,-0.588,0.0,2281,2345,4,PT09M59.00S,4,PT08M55.00S,0,0,0,0,-2.443,-3.131,-3.031,-3.131,2010-10-27,0,0,1,1
21000005,16,1610612751,1610612765,2734,200770,201572,201627,202324,1888,2732,101111,101131,101198,90,0,0,-0.0,1.04,2345,2435,4,PT08M55.00S,4,PT07M25.00S,0,0,0,0,-3.031,-3.131,-3.031,-2.091,2010-10-27,0,0,1,1
21000005,17,1610612751,1610612765,2734,201572,201627,201944,202324,1888,2732,101111,101131,101198,1,0,0,0.0,0.0,2435,2436,4,PT07M25.00S,4,PT07M24.00S,0,0,0,0,-3.031,-2.091,-3.031,-2.091,2010-10-27,0,0,1,1
21000005,18,1610612751,1610612765,2734,2743,201572,201627,201944,1888,2732,101111,101131,101198,79,0,0,0.0,0.0,2436,2515,4,PT07M24.00S,4,PT06M05.00S,0,0,0,0,-3.031,-2.091,-3.031,-2.091,2010-10-27,0,0,1,1
21000005,19,1610612751,1610612765,2566,2734,201572,201627,201944,1888,2732,101111,101131,101198,70,0,0,0.0,0.0,2515,2585,4,PT06M05.00S,4,PT04M55.00S,0,0,0,0,-3.031,-2.091,-3.031,-2.091,2010-10-27,0,0,1,1
21000005,20,1610612751,1610612765,2566,2734,201572,201627,201944,1112,1888,2419,2732,201155,24,0,0,0.0,0.0,2615,2639,4,PT04M25.00S,4,PT04M01.00S,0,0,0,0,-1.874,-2.091,-1.874,-2.091,2010-10-27,0,0,1,1
21000005,21,1610612751,1610612765,2566,2734,201572,201627,201944,1888,2419,2732,101131,201155,51,0,0,0.949,0.0,2639,2690,4,PT04M01.00S,4,PT03M10.00S,0,0,0,0,-1.874,-2.091,-0.926,-2.091,2010-10-27,0,0,1,1
21000005,22,1610612751,1610612765,2734,200770,201572,201627,201944,1888,2419,2732,101131,201155,90,0,0,0.0,-1.638,2690,2780,4,PT03M10.00S,4,PT01M40.00S,0,0,0,0,-0.926,-2.091,-0.926,-3.73,2010-10-27,0,0,1,1
21000005,23,1610612751,1610612765,2734,200770,201572,201627,201944,1112,1888,2419,2732,201155,74,97,95,93.854,95.0,2780,2854,4,PT01M40.00S,4,PT00M26.00S,0,0,97,95,-0.926,-3.73,92.928,91.27,2010-10-27,0,0,1,1
21000005,24,1610612751,1610612765,2734,200770,201572,201627,201944,1888,2419,2732,101111,201155,9,-97,-95,-97.0,-94.036,2854,2863,4,PT00M26.00S,4,PT00M16.80S,97,95,0,0,92.928,91.27,-4.072,-2.766,2010-10-27,0,0,1,1
21000005,25,1610612751,1610612765,2734,200770,201572,201627,201944,1112,1888,2419,2732,201155,1,0,0,0.0,-0.0,2863,2864,4,PT00M16.80S,4,PT00M16.50S,0,0,0,0,-4.072,-2.766,-4.072,-2.766,2010-10-27,0,0,1,1
21000005,26,1610612751,1610612765,2734,200770,201572,201627,201944,1888,2419,2732,101111,201155,14,0,0,0.0,-0.779,2864,2878,4,PT00M16.50S,4,PT00M01.60S,0,0,0,0,-4.072,-2.766,-4.072,-3.546,2010-10-27,0,0,1,1
21000005,27,1610612751,1610612765,2734,101211,200770,201627,201944,1888,2419,2732,101111,201155,2,101,98,101.0,99.051,2878,2880,4,PT00M01.60S,4,PT00M00.00S,0,0,101,98,-4.072,-3.546,96.928,95.505,2010-10-27,0,0,1,1
21000006,0,1610612755,1610612748,1882,2574,2738,201150,201950,2306,2544,2547,2548,201202,311,0,0,1.13,1.019,0,311,1,PT12M00.00S,1,PT06M49.00S,0,0,0,0,0.0,0.0,1.13,1.019,2010-10-27,0,0,1,1
21000006,1,1610612755,1610612748,1882,2738,101150,201150,201950,2306,2544,2547,2548,201202,65,0,0,0.0,0.0,311,376,1,PT06M49.00S,1,PT05M44.00S,0,0,0,0,1.13,1.019,1.13,1.019,2010-10-27,0,0,1,1
21000006,2,1610612755,1610612748,1882,2738,101150,201152,202323,2306,2544,2547,2548,2617,70,0,0,-0.0,0.0,376,446,1,PT05M44.00S,1,PT04M34.00S,0,0,0,0,1.13,1.019,1.13,1.019,2010-10-27,0,0,1,1
21000006,3,1610612755,1610612748,1882,2738,101150,201152,202323,2067,2544,2547,2548,2617,24,0,0,0.0,0.0,446,470,1,PT04M34.00S,1,PT04M10.00S,0,0,0,0,1.13,1.019,1.13,1.019,2010-10-27,0,0,1,1
21000006,4,1610612755,1610612748,2738,101150,201152,201578,202323,2067,2544,2547,2592,2617,109,0,0,0.0,0.0,470,579,1,PT04M10.00S,1,PT02M21.00S,0,0,0,0,1.13,1.019,1.13,1.019,2010-10-27,0,0,1,1
21000006,5,1610612755,1610612748,2738,101150,201152,201578,202323,980,2067,2544,2592,2617,110,0,0,0.0,1.088,579,689,1,PT02M21.00S,1,PT00M31.30S,0,0,0,0,1.13,1.019,1.13,2.107,2010-10-27,0,0,1,1
21000006,6,1610612755,1610612748,2738,2804,101150,201152,202323,980,2067,2544,2592,2617,157,0,0,0.535,2.293,689,846,1,PT00M31.30S,2,PT09M54.00S,0,0,0,0,1.13,2.107,1.666,4.401,2010-10-27,0,0,1,1
21000006,7,1610612755,1610612748,2738,2804,101150,201152,202323,980,2306,2548,2592,2617,10,23,24,23.0,24.0,846,856,2,PT09M54.00S,2,PT09M44.00S,0,0,23,24,1.666,4.401,24.666,28.401,2010-10-27,0,0,1,1
21000006,8,1610612755,1610612748,2738,2804,201152,201950,202323,980,2306,2548,2592,2617,9,-23,-24,-23.0,-24.0,856,865,2,PT09M44.00S,2,PT09M35.00S,23,24,0,0,24.666,28.401,1.666,4.401,2010-10-27,0,0,1,1
21000006,9,1610612755,1610612748,2738,2804,201152,201950,202323,980,2306,2547,2548,2592,43,0,0,0.0,-1.491,865,908,2,PT09M35.00S,2,PT08M52.00S,0,0,0,0,1.666,4.401,1.666,2.91,2010-10-27,0,0,1,1
21000006,10,1610612755,1610612748,1882,2738,2804,101150,201152,980,2306,2547,2548,2592,89,0,0,2.029,-3.071,1019,1108,2,PT07M01.00S,2,PT05M32.00S,0,0,0,0,2.796,1.33,4.825,-1.742,2010-10-27,0,0,1,1
21000006,11,1610612755,1610612748,1882,2574,2738,101150,201150,2306,2547,2548,2592,201202,120,0,0,0.0,-1.608,1108,1228,2,PT05M32.00S,2,PT03M32.00S,0,0,0,0,4.825,-1.742,4.825,-3.349,2010-10-27,0,0,1,1
21000006,12,1610612755,1610612748,1882,2574,2738,101150,201152,2306,2544,2547,2548,201202,176,39,48,38.477,48.0,1228,1404,2,PT03M32.00S,2,PT00M36.30S,0,0,39,48,4.825,-3.349,43.302,44.651,2010-10-27,0,0,1,1
21000006,13,1610612755,1610612748,1882,2574,2738,101150,201152,2306,2544,2547,2548,2592,168,-39,-48,-39.0,-48.0,1404,1572,2,PT00M36.30S,3,PT09M48.00S,39,48,0,0,43.302,44.651,4.302,-3.349,2010-10-27,0,0,1,1
21000006,14,1610612755,1610612748,1882,2738,101150,201152,202323,2306,2544,2547,2548,2592,228,0,0,0.0,0.0,1572,1800,3,PT09M48.00S,3,PT06M00.00S,0,0,0,0,4.302,-3.349,4.302,-3.349,2010-10-27,0,0,1,1
21000006,15,1610612755,1610612748,1882,2738,101150,201152,202323,2306,2544,2547,2548,2592,25,48,63,48.0,63.0,1800,1825,3,PT06M00.00S,3,PT05M35.00S,0,0,48,63,4.302,-3.349,52.302,59.651,2010-10-27,0,0,1,1
21000006,16,1610612755,1610612748,1882,2738,101150,201152,202323,2306,2544,2547,2592,2617,78,0,0,0.0,0.0,1903,1981,3,PT04M17.00S,3,PT02M59.00S,0,0,0,0,5.359,-3.349,5.359,-3.349,2010-10-27,0,0,1,1
21000006,17,1610612755,1610612748,1882,2738,101150,201152,202323,711,2067,2544,2547,2592,125,0,0,1.057,-3.437,1981,2106,3,PT02M59.00S,3,PT00M54.30S,0,0,0,0,5.359,-3.349,6.416,-6.786,2010-10-27,0,0,1,1
21000006,18,1610612755,1610612748,2738,2804,101150,201152,202323,711,2067,2544,2547,2592,168,61,80,59.35,82.014,2106,2274,3,PT00M54.30S,4,PT10M06.00S,0,0,61,80,6.416,-6.786,65.766,75.228,2010-10-27,0,0,1,1
21000006,19,1610612755,1610612748,2738,2804,201152,201950,202323,711,2067,2544,2547,2592,14,-61,-80,-61.0,-78.873,2274,2288,4,PT10M06.00S,4,PT09M52.00S,61,80,0,0,65.766,75.228,4.766,-3.646,2010-10-27,0,0,1,1
21000006,20,1610612755,1610612748,2738,2804,201152,201950,202323,2067,2544,2547,2592,2617,117,0,0,0.0,0.0,2288,2405,4,PT09M52.00S,4,PT07M55.00S,0,0,0,0,4.766,-3.646,4.766,-3.646,2010-10-27,0,0,1,1
21000006,21,1610612755,1610612748,1882,2804,101150,201950,202323,2067,2306,2544,2547,2592,127,0,0,1.127,0.0,2653,2780,4,PT03M47.00S,4,PT01M40.00S,0,0,0,0,2.548,-3.646,3.675,-3.646,2010-10-27,0,0,1,1
21000006,22,1610612755,1610612748,1882,2804,101150,201950,202323,2067,2544,2547,2548,2592,100,87,97,83.761,97.0,2780,2880,4,PT01M40.00S,4,PT00M00.00S,0,0,87,97,3.675,-3.646,87.435,93.354,2010-10-27,0,0,1,1
21000007,0,1610612761,1610612752,2501,101127,101132,200745,201942,2405,101109,201568,202361,202389,166,0,0,-1.703,0.0,0,166,1,PT12M00.00S,1,PT09M14.00S,0,0,0,0,0.0,0.0,-1.703,0.0,2010-10-27,0,0,1,1
21000007,1,1610612761,1610612752,2501,101127,101132,200745,201942,2405,101109,201163,201568,202361,198,0,0,0.0,-5.089,166,364,1,PT09M14.00S,1,PT05M56.00S,0,0,0,0,-1.703,0.0,-1.703,-5.089,2010-10-27,0,0,1,1
21000007,2,1610612761,1610612752,2501,101127,101132,200745,201942,2405,101109,201163,201568,201962,37,0,0,0.0,0.0,364,401,1,PT05M56.00S,1,PT05M19.00S,0,0,0,0,-1.703,-5.089,-1.703,-5.089,2010-10-27,0,0,1,1
21000007,3,1610612761,1610612752,2501,101127,101132,200745,201942,2405,101109,101142,201568,201962,8,0,0,0.0,0.0,401,409,1,PT05M19.00S,1,PT05M11.00S,0,0,0,0,-1.703,-5.089,-1.703,-5.089,2010-10-27,0,0,1,1
21000007,4,1610612761,1610612752,2501,2571,101127,101132,200745,2405,101109,101142,201568,201962,53,0,0,0.0,0.0,409,462,1,PT05M11.00S,1,PT04M18.00S,0,0,0,0,-1.703,-5.089,-1.703,-5.089,2010-10-27,0,0,1,1
21000007,5,1610612761,1610612752,2501,2571,101132,101181,200745,2405,101109,101142,201568,201962,57,0,0,0.0,0.0,462,519,1,PT04M18.00S,1,PT03M21.00S,0,0,0,0,-1.703,-5.089,-1.703,-5.089,2010-10-27,0,0,1,1
21000007,6,1610612761,1610612752,2571,101132,101161,101181,200745,2405,101109,101142,201568,201962,21,14,22,14.0,22.0,519,540,1,PT03M21.00S,1,PT03M00.00S,0,0,14,22,-1.703,-5.089,12.297,16.911,2010-10-27,0,0,1,1
21000007,7,1610612761,1610612752,2571,101161,101181,200745,201603,2405,101109,101142,201568,201962,42,-14,-22,-14.0,-19.834,540,582,1,PT03M00.00S,1,PT02M18.00S,14,22,0,0,12.297,16.911,-1.703,-2.923,2010-10-27,0,0,1,1
21000007,8,1610612761,1610612752,2431,2571,101161,101181,201603,2405,2427,101142,201611,201962,244,0,0,0.752,3.023,582,826,1,PT02M18.00S,2,PT10M14.00S,0,0,0,0,-1.703,-2.923,-0.951,0.1,2010-10-27,0,0,1,1
21000007,9,1610612761,1610612752,2571,101161,101181,200745,201603,2405,2427,101142,201611,201962,77,0,0,0.0,0.0,826,903,2,PT10M14.00S,2,PT08M57.00S,0,0,0,0,-0.951,0.1,-0.951,0.1,2010-10-27,0,0,1,1
21000007,10,1610612761,1610612752,2571,101127,101132,101161,200745,2405,2427,101142,201611,201962,18,0,0,0.0,0.0,903,921,2,PT08M57.00S,2,PT08M39.00S,0,0,0,0,-0.951,0.1,-0.951,0.1,2010-10-27,0,0,1,1
21000007,11,1610612761,1610612752,101127,101132,101161,200745,201942,2405,2427,101142,201611,201962,34,0,0,0.0,0.0,921,955,2,PT08M39.00S,2,PT08M05.00S,0,0,0,0,-0.951,0.1,-0.951,0.1,2010-10-27,0,0,1,1
21000007,12,1610612761,1610612752,2501,101127,101132,200745,201942,2405,2427,101142,201611,201962,45,0,0,0.0,0.0,955,1000,2,PT08M05.00S,2,PT07M20.00S,0,0,0,0,-0.951,0.1,-0.951,0.1,2010-10-27,0,0,1,1
21000007,13,1610612761,1610612752,2501,101127,101132,200745,201942,2405,101109,101142,201568,201962,87,0,0,0.0,0.0,1161,1248,2,PT04M39.00S,2,PT03M12.00S,0,0,0,0,-0.951,1.109,-0.951,1.109,2010-10-27,0,0,1,1
21000007,14,1610612761,1610612752,2501,101127,101132,200745,201942,2405,101109,101142,201962,202361,164,0,0,0.0,-0.82,1248,1412,2,PT03M12.00S,2,PT00M28.30S,0,0,0,0,-0.951,1.109,-0.951,0.289,2010-10-27,0,0,1,1
21000007,15,1610612761,1610612752,101127,101181,200745,201603,201942,2405,101109,101142,201962,202361,308,0,0,-0.662,-0.492,1412,1720,2,PT00M28.30S,3,PT07M20.00S,0,0,0,0,-0.951,0.289,-1.613,-0.203,2010-10-27,0,0,1,1
21000007,16,1610612761,1610612752,2571,101127,101181,200745,201603,2405,101109,101142,201163,201962,87,0,0,0.0,2.022,1796,1883,3,PT06M04.00S,3,PT04M37.00S,0,0,0,0,-1.613,-0.203,-1.613,1.819,2010-10-27,0,0,1,1
21000007,17,1610612761,1610612752,2431,2571,101161,101181,201603,101109,101142,201163,201611,201962,149,6,5,4.227,4.371,1987,2136,3,PT02M53.00S,3,PT00M23.70S,66,69,72,74,64.387,69.074,68.614,73.445,2010-10-27,0,0,1,1
21000007,18,1610612761,1610612752,2431,2571,101132,101181,201603,101109,101142,201163,201611,201962,193,-72,-74,-72.339,-72.816,2136,2329,3,PT00M23.70S,4,PT09M11.00S,72,74,0,0,68.614,73.445,-3.725,0.629,2010-10-27,0,0,1,1
21000007,19,1610612761,1610612752,2571,101127,101132,101181,201603,2405,101109,201163,201611,201962,1,93,97,93.0,97.0,2877,2878,4,PT00M03.00S,4,PT00M02.40S,0,0,93,97,-3.891,1.915,89.109,98.915,2010-10-27,0,0,1,1
21000007,20,1610612761,1610612752,2571,101127,101132,101181,200745,2405,101109,201163,201611,201962,2,93,98,94.105,98.0,2878,2880,4,PT00M02.40S,4,PT00M00.00S,0,0,93,98,-3.891,1.915,90.215,99.915,2010-10-27,0,0,1,1
21000008,0,1610612763,1610612737,2216,200752,201144,201564,201589,1710,2207,2746,101107,201143,207,6,9,6.0,8.447,0,207,1,PT12M00.00S,1,PT08M33.00S,0,0,6,9,0.0,0.0,6.0,8.447,2010-10-27,0,0,1,1
21000008,1,1610612763,1610612737,2216,200752,201144,201564,201589,1710,2207,2585,2746,101107,76,2,4,2.0,4.0,207,283,1,PT08M33.00S,1,PT07M17.00S,6,9,8,13,6.0,8.447,8.0,12.447,2010-10-27,0,0,1,1
21000008,2,1610612763,1610612737,200752,201144,201564,201589,201934,1710,2207,2585,2746,101107,50,3,2,3.0,2.0,283,333,1,PT07M17.00S,1,PT06M27.00S,8,13,11,15,8.0,12.447,11.0,14.447,2010-10-27,0,0,1,1
21000008,3,1610612763,1610612737,200752,201144,201564,201589,201934,1710,2207,2585,2746,101107,111,3,5,3.0,3.222,333,444,1,PT06M27.00S,1,PT04M36.00S,11,15,14,20,11.0,14.447,14.0,17.669,2010-10-27,0,1,1,1
21000008,4,1610612763,1610612737,2754,201144,201589,201934,201970,1710,2585,2746,101107,201952,98,6,5,6.0,5.0,444,542,1,PT04M36.00S,1,PT02M58.00S,14,20,20,25,14.0,17.669,20.0,22.669,2010-10-27,0,1,1,1
21000008,5,1610612763,1610612737,2754,201144,201589,201934,201970,1710,2230,2585,2694,201952,58,2,2,2.0,3.017,542,600,1,PT02M58.00S,1,PT02M00.00S,20,25,22,27,20.0,22.669,22.0,25.685,2010-10-27,0,1,1,1
21000008,6,1610612763,1610612737,2754,201151,201589,201934,201970,1710,2230,2585,2694,201952,47,0,3,0.0,1.318,600,647,1,PT02M00.00S,1,PT01M13.00S,22,27,22,30,22.0,25.685,22.0,27.003,2010-10-27,0,1,1,1
21000008,7,1610612763,1610612737,2216,2754,201151,201934,201970,1710,2230,2585,2694,201952,209,0,4,0.0,4.0,647,856,1,PT01M13.00S,2,PT09M44.00S,22,30,22,34,22.0,27.003,22.0,31.003,2010-10-27,0,1,1,1
21000008,8,1610612763,1610612737,2216,201144,201564,201589,201970,201952,1710,2230,2585,2694,75,4,3,4.0,3.0,856,931,2,PT09M44.00S,2,PT08M29.00S,22,34,26,37,22.0,31.003,26.0,34.003,2010-10-27,0,1,1,1
21000008,9,1610612763,1610612737,2216,200752,201144,201564,202333,2230,1710,2207,2585,101107,61,1,2,1.0,3.129,1229,1290,2,PT03M31.00S,2,PT02M30.00S,40,49,41,51,40.0,46.003,41.0,49.132,2010-10-27,0,1,1,1
21000008,10,1610612763,1610612737,200752,201144,201564,201934,202333,2230,1710,2207,2585,101107,123,9,9,7.455,7.316,1290,1413,2,PT02M30.00S,2,PT00M27.00S,41,51,50,60,41.0,49.132,48.455,56.448,2010-10-27,0,1,1,1
21000008,11,1610612763,1610612737,201144,201564,201934,201970,202333,2230,1710,2207,2694,101107,388,15,14,13.771,14.145,1413,1801,2,PT00M27.00S,3,PT05M59.00S,50,60,65,74,48.455,56.448,62.226,70.594,2010-10-27,0,1,1,1
21000008,12,1610612763,1610612737,201144,201564,201934,201970,202333,1710,2207,2585,2694,101107,20,2,1,2.0,1.0,1904,1924,3,PT04M16.00S,3,PT03M56.00S,71,78,73,79,66.401,74.594,68.401,75.594,2010-10-27,0,1,1,1
21000008,13,1610612763,1610612737,201144,201564,201934,201970,202333,1710,2585,2694,101107,201952,85,2,2,2.0,2.0,1924,2009,3,PT03M56.00S,3,PT02M31.00S,73,79,75,81,68.401,75.594,70.401,77.594,2010-10-27,0,1,1,1
21000008,14,1610612763,1610612737,2754,201151,201934,201970,202333,1710,2585,2694,101107,201952,18,0,3,0.0,3.0,2009,2027,3,PT02M31.00S,3,PT02M13.00S,75,81,75,84,70.401,77.594,70.401,80.594,2010-10-27,0,1,1,1
21000008,15,1610612763,1610612737,2754,201151,201934,201960,202333,1710,2585,2694,101107,201952,213,2,8,2.0,4.695,2048,2261,3,PT01M52.00S,4,PT10M19.00S,75,86,77,94,71.292,82.594,73.292,87.289,2010-10-27,0,1,1,1
21000008,16,1610612763,1610612737,201144,201564,201934,201960,202333,1710,2585,2694,101107,201952,44,1,2,1.0,2.0,2261,2305,4,PT10M19.00S,4,PT09M35.00S,77,94,78,96,73.292,87.289,74.292,89.289,2010-10-27,0,1,1,1
21000008,17,1610612763,1610612737,201144,201564,201589,201960,202333,1710,2585,2694,101107,201952,45,5,0,3.428,1.017,2305,2350,4,PT09M35.00S,4,PT08M50.00S,78,96,83,96,74.292,89.289,77.72,90.306,2010-10-27,0,1,1,1
21000008,18,1610612763,1610612737,201144,201564,201589,201960,202333,1710,2207,2694,101107,201143,40,2,0,2.0,0.0,2350,2390,4,PT08M50.00S,4,PT08M10.00S,83,96,85,96,77.72,90.306,79.72,90.306,2010-10-27,0,1,1,1
21000009,0,1610612750,1610612758,2545,2557,201563,201567,201961,2757,101128,201171,201590,202326,311,0,0,0.529,-0.563,0,311,1,PT12M00.00S,1,PT06M49.00S,0,0,0,0,0.0,0.0,0.529,-0.563,2010-10-27,0,0,1,1
21000009,1,1610612750,1610612758,2557,201563,201567,201593,201961,2757,101128,201171,201574,201590,185,0,0,-1.822,-1.763,311,496,1,PT06M49.00S,1,PT03M44.00S,0,0,0,0,0.529,-0.563,-1.293,-2.326,2010-10-27,0,0,1,1
21000009,2,1610612750,1610612758,2557,201147,201229,201563,201593,2757,101128,201171,201574,201956,19,20,18,20.0,18.0,496,515,1,PT03M44.00S,1,PT03M25.00S,0,0,20,18,-1.293,-2.326,18.707,15.674,2010-10-27,0,0,1,1
21000009,3,1610612750,1610612758,2557,201147,201229,201585,202325,2757,101128,201171,201574,201956,34,-20,-18,-20.0,-18.0,515,549,1,PT03M25.00S,1,PT02M51.00S,20,18,0,0,18.707,15.674,-1.293,-2.326,2010-10-27,0,0,1,1
21000009,4,1610612750,1610612758,2742,201147,201229,201585,202325,2757,101129,201171,201574,201956,118,0,0,0.0,1.043,549,667,1,PT02M51.00S,1,PT00M53.20S,0,0,0,0,-1.293,-2.326,-1.293,-1.283,2010-10-27,0,0,1,1
21000009,5,1610612750,1610612758,2742,201147,201229,201585,202325,101129,200817,201171,201574,201956,8,0,0,0.0,0.0,667,675,1,PT00M53.20S,1,PT00M44.60S,0,0,0,0,-1.293,-1.283,-1.293,-1.283,2010-10-27,0,0,1,1
21000009,6,1610612750,1610612758,2742,201147,201229,201585,202325,101129,200817,201171,201616,201956,211,0,0,-1.527,-0.0,675,886,1,PT00M44.60S,2,PT09M14.00S,0,0,0,0,-1.293,-1.283,-2.821,-1.283,2010-10-27,0,0,1,1
21000009,7,1610612750,1610612758,2742,201147,201229,201585,202325,2757,101129,201171,201616,201956,15,0,0,0.0,0.0,886,901,2,PT09M14.00S,2,PT08M59.00S,0,0,0,0,-2.821,-1.283,-2.821,-1.283,2010-10-27,0,0,1,1
21000009,8,1610612750,1610612758,2742,201147,201229,201563,201585,2757,101129,201171,201616,201956,4,0,0,0.0,0.0,901,905,2,PT08M59.00S,2,PT08M55.00S,0,0,0,0,-2.821,-1.283,-2.821,-1.283,2010-10-27,0,0,1,1
21000009,9,1610612750,1610612758,2742,201147,201229,201563,201567,2757,101129,201171,201616,201956,79,0,0,-1.764,1.007,905,984,2,PT08M55.00S,2,PT07M36.00S,0,0,0,0,-2.821,-1.283,-4.585,-0.276,2010-10-27,0,0,1,1
21000009,10,1610612750,1610612758,2742,201229,201563,201567,201961,2757,101129,201171,201616,201956,24,38,37,38.0,37.0,984,1008,2,PT07M36.00S,2,PT07M12.00S,0,0,38,37,-4.585,-0.276,33.415,36.724,2010-10-27,0,0,1,1
21000009,11,1610612750,1610612758,2557,201229,201563,201567,201961,2757,101129,201171,201616,201956,35,-38,-37,-38.0,-37.0,1008,1043,2,PT07M12.00S,2,PT06M37.00S,38,37,0,0,33.415,36.724,-4.585,-0.276,2010-10-27,0,0,1,1
21000009,12,1610612750,1610612758,2545,2557,201229,201563,202325,2757,101128,201171,201590,202355,32,-47,-49,-47.0,-48.056,1214,1246,2,PT03M46.00S,2,PT03M14.00S,47,49,0,0,42.415,47.156,-4.585,-0.9,2010-10-27,0,0,1,1
21000009,13,1610612750,1610612758,2545,2557,201563,201567,202325,2757,101128,201171,201590,202355,32,0,0,0.0,-0.0,1246,1278,2,PT03M14.00S,2,PT02M42.00S,0,0,0,0,-4.585,-0.9,-4.585,-0.9,2010-10-27,0,0,1,1
21000009,14,1610612750,1610612758,2557,201229,201563,201567,202325,2757,101128,201171,201590,202355,16,52,49,52.0,49.0,1278,1294,2,PT02M42.00S,2,PT02M26.00S,0,0,52,49,-4.585,-0.9,47.415,48.1,2010-10-27,0,0,1,1
21000009,15,1610612750,1610612758,2557,201229,201563,201567,202325,2757,101128,201171,201590,201616,66,-52,-49,-52.669,-49.0,1294,1360,2,PT02M26.00S,2,PT01M20.00S,52,49,0,0,47.415,48.1,-5.254,-0.9,2010-10-27,0,0,1,1
21000009,16,1610612750,1610612758,2557,201563,201567,201585,202325,2757,101128,201171,201590,201616,11,0,0,0.0,0.0,1360,1371,2,PT01M20.00S,2,PT01M09.00S,0,0,0,0,-5.254,-0.9,-5.254,-0.9,2010-10-27,0,0,1,1
21000009,17,1610612750,1610612758,2557,201563,201567,201585,201961,2757,101128,201171,201590,201616,44,0,0,0.0,0.0,1371,1415,2,PT01M09.00S,2,PT00M24.60S,0,0,0,0,-5.254,-0.9,-5.254,-0.9,2010-10-27,0,0,1,1
21000009,18,1610612750,1610612758,2557,201563,201567,201585,201961,101128,101129,201590,201616,202355,3,-58,-52,-58.0,-52.0,1415,1418,2,PT00M24.60S,2,PT00M21.50S,58,52,0,0,52.746,51.1,-5.254,-0.9,2010-10-27,0,0,1,1
21000009,19,1610612750,1610612758,2557,201229,201563,201567,201961,101128,101129,201590,201616,202355,176,0,0,-0.788,0.0,1418,1594,2,PT00M21.50S,3,PT09M26.00S,0,0,0,0,-5.254,-0.9,-6.042,-0.9,2010-10-27,0,0,1,1
21000009,20,1610612750,1610612758,2557,201229,201563,201593,201961,101128,201171,201574,202326,202355,24,97,98,97.0,98.0,2448,2472,4,PT07M12.00S,4,PT06M48.00S,0,0,97,98,-6.616,-2.702,90.384,95.298,2010-10-27,0,0,1,1
21000009,21,1610612750,1610612758,2557,201229,201563,201593,201961,101128,201171,201574,201590,202355,76,-97,-98,-97.0,-98.0,2472,2548,4,PT06M48.00S,4,PT05M32.00S,97,98,0,0,90.384,95.298,-6.616,-2.702,2010-10-27,0,0,1,1
21000009,22,1610612750,1610612758,2557,201229,201563,201593,201961,101128,201171,201956,202326,202355,30,-99,-98,-99.0,-98.0,2548,2578,4,PT05M32.00S,4,PT05M02.00S,99,98,0,0,92.384,95.298,-6.616,-2.702,2010-10-27,0,0,1,1
21000009,23,1610612750,1610612758,2545,2557,201229,201563,201961,101128,201171,201956,202326,202355,245,0,0,-3.472,0.0,2578,2823,4,PT05M02.00S,4,PT00M56.60S,0,0,0,0,-6.616,-2.702,-10.088,-2.702,2010-10-27,0,0,1,1
21000009,24,1610612750,1610612758,2545,2557,201147,201229,201961,101128,201171,201956,202326,202355,22,0,0,0.0,0.0,2823,2845,4,PT00M56.60S,4,PT00M34.80S,0,0,0,0,-10.088,-2.702,-10.088,-2.702,2010-10-27,0,0,1,1
21000010,0,1610612740,1610612749,2561,2731,2772,101108,201158,2400,2422,2568,101106,101141,116,0,0,0.0,-0.766,0,116,1,PT12M00.00S,1,PT10M04.00S,0,0,0,0,0.0,0.0,0.0,-0.766,2010-10-27,0,0,1,1
21000010,1,1610612740,1610612749,978,2788,101108,200822,201158,2568,101106,101141,201943,202336,19,45,45,45.0,46.022,1295,1314,2,PT02M25.00S,2,PT02M06.00S,0,0,45,45,5.026,-1.131,50.026,44.892,2010-10-27,0,0,1,1
21000010,2,1610612740,1610612749,978,2788,101108,200822,201158,1863,2568,101106,101141,202336,47,-45,-45,-45.0,-45.0,1314,1361,2,PT02M06.00S,2,PT01M19.00S,45,45,0,0,50.026,44.892,5.026,-0.108,2010-10-27,0,0,1,1
21000011,0,1610612760,1610612741,2420,200757,201142,201145,201566,2586,2736,201149,201565,201959,381,0,0,-0.35,1.0,0,381,1,PT12M00.00S,1,PT05M39.00S,0,0,0,0,0.0,0.0,-0.35,1.0,2010-10-27,0,0,1,1
21000011,1,1610612760,1610612741,200757,201142,201145,201566,201586,2586,2736,201149,201565,201959,86,18,21,18.0,21.997,381,467,1,PT05M39.00S,1,PT04M13.00S,0,0,18,21,-0.35,1.0,17.65,22.997,2010-10-27,0,0,1,1
21000011,2,1610612760,1610612741,201142,201145,201566,201586,201935,2736,200758,201149,201228,201959,129,-18,-21,-16.987,-21.0,467,596,1,PT04M13.00S,1,PT02M04.00S,18,21,0,0,17.65,22.997,0.663,1.997,2010-10-27,0,0,1,1
21000011,3,1610612760,1610612741,201142,201161,201586,201935,201953,703,2736,200758,201228,201959,89,0,0,0.0,0.0,596,685,1,PT02M04.00S,1,PT00M35.10S,0,0,0,0,0.663,1.997,0.663,1.997,2010-10-27,0,0,1,1
21000011,4,1610612760,1610612741,201142,201161,201586,201935,201953,703,2586,2736,200758,201228,89,0,0,2.195,0.844,685,774,1,PT00M35.10S,2,PT11M06.00S,0,0,0,0,0.663,1.997,2.858,2.841,2010-10-27,0,0,1,1
21000011,5,1610612760,1610612741,201142,201161,201586,201935,201953,2586,2736,200758,201228,201600,106,0,0,1.237,-0.0,774,880,2,PT11M06.00S,2,PT09M20.00S,0,0,0,0,2.858,2.841,4.095,2.841,2010-10-27,0,0,1,1
21000011,6,1610612760,1610612741,201145,201161,201586,201935,201953,2586,2736,200758,201228,201600,18,0,0,0.0,0.0,880,898,2,PT09M20.00S,2,PT09M02.00S,0,0,0,0,4.095,2.841,4.095,2.841,2010-10-27,0,0,1,1
21000011,7,1610612760,1610612741,201145,201161,201586,201935,201953,2586,2736,201228,201600,201959,27,0,0,0.0,0.0,898,925,2,PT09M02.00S,2,PT08M35.00S,0,0,0,0,4.095,2.841,4.095,2.841,2010-10-27,0,0,1,1
21000011,8,1610612760,1610612741,201145,201161,201586,201935,201953,2586,2736,201149,201565,201959,104,0,0,1.004,0.0,925,1029,2,PT08M35.00S,2,PT06M51.00S,0,0,0,0,4.095,2.841,5.099,2.841,2010-10-27,0,0,1,1
21000011,9,1610612760,1610612741,201145,201161,201566,201586,201935,2586,2736,201149,201565,201959,53,0,0,-0.599,-1.709,1029,1082,2,PT06M51.00S,2,PT05M58.00S,0,0,0,0,5.099,2.841,4.5,1.132,2010-10-27,0,0,1,1
21000011,10,1610612760,1610612741,201142,201145,201566,201586,201935,2586,2736,201149,201565,201959,62,0,0,0.0,0.0,1082,1144,2,PT05M58.00S,2,PT04M56.00S,0,0,0,0,4.5,1.132,4.5,1.132,2010-10-27,0,0,1,1
21000011,11,1610612760,1610612741,2420,201142,201145,201566,201935,2243,2586,2736,201149,201565,38,45,45,45.0,45.0,1144,1182,2,PT04M56.00S,2,PT04M18.00S,0,0,45,45,4.5,1.132,49.5,46.132,2010-10-27,0,0,1,1
21000011,12,1610612760,1610612741,2420,200757,201142,201145,201566,2243,2586,2736,201149,201565,220,-45,-45,-48.522,-45.0,1182,1402,2,PT04M18.00S,2,PT00M37.80S,45,45,0,0,49.5,46.132,0.978,1.132,2010-10-27,0,0,1,1
21000011,13,1610612760,1610612741,200757,201142,201145,201566,201586,2243,2586,2736,201149,201565,32,0,0,0.0,0.0,1402,1434,2,PT00M37.80S,2,PT00M05.80S,0,0,0,0,0.978,1.132,0.978,1.132,2010-10-27,0,0,1,1
21000011,14,1610612760,1610612741,200757,201142,201566,201586,201935,2243,2586,2736,201149,201565,278,0,0,1.043,2.0,1434,1712,2,PT00M05.80S,3,PT07M28.00S,0,0,0,0,0.978,1.132,2.021,3.131,2010-10-27,0,0,1,1
21000011,15,1610612760,1610612741,200757,201142,201566,201586,201935,2243,2586,2736,201149,201228,58,0,0,0.0,0.997,1712,1770,3,PT07M28.00S,3,PT06M30.00S,0,0,0,0,2.021,3.131,2.021,4.129,2010-10-27,0,0,1,1
21000011,16,1610612760,1610612741,200757,201142,201566,201586,201935,2243,2586,2736,201149,201228,103,0,0,1.013,-1.631,1770,1873,3,PT06M30.00S,3,PT04M47.00S,0,0,0,0,2.021,4.129,3.034,2.498,2010-10-27,0,0,1,1
21000011,17,1610612760,1610612741,201142,201161,201566,201586,201935,2243,2586,2736,201149,201228,33,-72,-74,-72.0,-75.71,1962,1995,3,PT03M18.00S,3,PT02M45.00S,72,74,0,0,75.034,77.552,3.034,1.843,2010-10-27,0,0,1,1
21000011,18,1610612760,1610612741,201142,201161,201586,201935,201953,2586,2736,200758,201149,201228,164,0,0,0.871,0.0,1995,2159,3,PT02M45.00S,3,PT00M00.80S,0,0,0,0,3.034,1.843,3.905,1.843,2010-10-27,0,0,1,1
21000011,19,1610612760,1610612741,201145,201161,201586,201935,201953,2586,2736,200758,201149,201228,71,0,0,0.0,2.132,2159,2230,3,PT00M00.80S,4,PT10M50.00S,0,0,0,0,3.905,1.843,3.905,3.974,2010-10-27,0,0,1,1
21000011,20,1610612760,1610612741,201145,201161,201586,201935,201953,2586,200758,201149,201228,201959,25,0,0,0.0,0.0,2230,2255,4,PT10M50.00S,4,PT10M25.00S,0,0,0,0,3.905,3.974,3.905,3.974,2010-10-27,0,0,1,1
21000011,21,1610612760,1610612741,201145,201161,201586,201935,201953,2243,2586,200758,201565,201959,112,0,0,0.0,0.0,2255,2367,4,PT10M25.00S,4,PT08M33.00S,0,0,0,0,3.905,3.974,3.905,3.974,2010-10-27,0,0,1,1
21000011,22,1610612760,1610612741,201142,201145,201161,201566,201586,2243,2594,200758,201565,201959,107,87,87,87.0,87.0,2367,2474,4,PT08M33.00S,4,PT06M46.00S,0,0,87,87,3.905,3.974,90.905,90.974,2010-10-27,0,0,1,1
21000011,23,1610612760,1610612741,201142,201145,201161,201566,201586,2594,2736,201149,201565,201959,67,-87,-87,-85.996,-87.0,2474,2541,4,PT06M46.00S,4,PT05M39.00S,87,87,0,0,90.905,90.974,4.909,3.974,2010-10-27,0,0,1,1
21000011,24,1610612760,1610612741,200757,201142,201145,201566,201586,2594,2736,201149,201565,201959,339,106,95,106.716,98.161,2541,2880,4,PT05M39.00S,4,PT00M00.00S,0,0,106,95,4.909,3.974,111.625,102.135,2010-10-27,0,0,1,1
21000012,0,1610612742,1610612766,467,1717,1891,2199,2406,1536,1737,2222,2564,201571,483,0,0,-2.23,0.225,0,483,1,PT12M00.00S,1,PT03M57.00S,0,0,0,0,0.0,0.0,-2.23,0.225,2010-10-27,0,0,1,1
21000012,1,1610612742,1610612766,1717,1890,1891,2199,200826,1536,2222,2564,200748,201571,62,0,0,1.076,1.089,483,545,1,PT03M57.00S,1,PT02M55.00S,0,0,0,0,-2.23,0.225,-1.155,1.314,2010-10-27,0,0,1,1
21000012,2,1610612742,1610612766,1717,1890,2217,200826,202346,1536,2222,2564,200748,201571,86,0,0,1.036,-1.7,545,631,1,PT02M55.00S,1,PT01M29.00S,0,0,0,0,-1.155,1.314,-0.119,-0.386,2010-10-27,0,0,1,1
21000012,3,1610612742,1610612766,1890,2217,2406,200826,202346,1536,2222,2733,200748,201945,201,27,22,28.034,20.218,631,832,1,PT01M29.00S,2,PT10M08.00S,0,0,27,22,-0.119,-0.386,27.916,19.832,2010-10-27,0,0,1,1
21000012,4,1610612742,1610612766,1890,2217,2406,200826,202346,1536,2222,200748,201571,201945,15,-27,-22,-27.0,-22.0,832,847,2,PT10M08.00S,2,PT09M53.00S,27,22,0,0,27.916,19.832,0.916,-2.168,2010-10-27,0,0,1,1
21000012,5,1610612742,1610612766,467,1717,1890,1891,2199,1536,1737,2222,200748,201571,158,0,0,0.992,0.0,1065,1223,2,PT06M15.00S,2,PT03M37.00S,0,0,0,0,3.089,-2.813,4.08,-2.813,2010-10-27,0,0,1,1
21000012,6,1610612742,1610612766,467,1717,1890,1891,2199,1536,2222,2564,200748,201571,12,0,0,0.0,0.0,1223,1235,2,PT03M37.00S,2,PT03M25.00S,0,0,0,0,4.08,-2.813,4.08,-2.813,2010-10-27,0,0,1,1
21000012,7,1610612742,1610612766,467,1717,1890,1891,2199,1536,2222,2564,201571,201974,50,0,0,0.0,0.0,1235,1285,2,PT03M25.00S,2,PT02M35.00S,0,0,0,0,4.08,-2.813,4.08,-2.813,2010-10-27,0,0,1,1
21000012,8,1610612742,1610612766,467,1717,1891,2199,2406,1536,2205,2564,201571,201974,3,40,42,40.0,42.0,1285,1288,2,PT02M35.00S,2,PT02M32.00S,0,0,40,42,4.08,-2.813,44.08,39.187,2010-10-27,0,0,1,1
21000012,9,1610612742,1610612766,467,1717,1891,2199,2406,1536,2222,2564,201571,201974,357,-40,-42,-39.008,-39.818,1288,1645,2,PT02M32.00S,3,PT08M35.00S,40,42,0,0,44.08,39.187,5.072,-0.631,2010-10-27,0,0,1,1
21000012,10,1610612742,1610612766,467,1717,1891,2217,2406,1536,2222,2564,201571,201974,78,63,51,63.0,52.007,1645,1723,3,PT08M35.00S,3,PT07M17.00S,0,0,63,51,5.072,-0.631,68.072,51.376,2010-10-27,0,0,1,1
21000012,11,1610612742,1610612766,467,1717,1891,2217,2406,1536,2222,200748,201571,201974,139,-63,-51,-64.715,-51.0,1723,1862,3,PT07M17.00S,3,PT04M58.00S,63,51,0,0,68.072,51.376,3.357,0.376,2010-10-27,0,0,1,1
21000012,12,1610612742,1610612766,467,1717,1890,1891,2217,1536,2222,200748,201571,201974,19,0,0,0.0,0.0,1862,1881,3,PT04M58.00S,3,PT04M39.00S,0,0,0,0,3.357,0.376,3.357,0.376,2010-10-27,0,0,1,1
21000012,13,1610612742,1610612766,467,1717,1890,1891,2217,1536,2222,200748,201571,201974,50,76,58,76.0,58.0,1881,1931,3,PT04M39.00S,3,PT03M49.00S,0,0,76,58,3.357,0.376,79.357,58.376,2010-10-27,0,0,1,1
21000012,14,1610612742,1610612766,467,1717,1890,2217,200826,2222,200748,201571,201945,201974,115,-76,-58,-73.972,-58.0,1931,2046,3,PT03M49.00S,3,PT01M54.00S,76,58,0,0,79.357,58.376,5.385,0.376,2010-10-27,0,0,1,1
21000012,15,1610612742,1610612766,467,1890,2217,2406,200826,2222,2733,200748,201945,201974,74,0,0,0.0,-0.0,2046,2120,3,PT01M54.00S,3,PT00M40.20S,0,0,0,0,5.385,0.376,5.385,0.376,2010-10-27,0,0,1,1
21000012,16,1610612742,1610612766,467,1890,2199,2406,200826,2222,2733,200748,201945,201974,122,0,0,0.0,-1.789,2120,2242,3,PT00M40.20S,4,PT10M38.00S,0,0,0,0,5.385,0.376,5.385,-1.413,2010-10-27,0,0,1,1
21000012,17,1610612742,1610612766,467,1890,2199,2406,200826,2222,2564,2733,200748,201945,35,0,0,-1.744,0.0,2242,2277,4,PT10M38.00S,4,PT10M03.00S,0,0,0,0,5.385,-1.413,3.64,-1.413,2010-10-27,0,0,1,1
21000012,18,1610612742,1610612766,467,1717,1890,2406,200826,2222,2564,2733,200748,201945,15,0,0,0.0,0.0,2277,2292,4,PT10M03.00S,4,PT09M48.00S,0,0,0,0,3.64,-1.413,3.64,-1.413,2010-10-27,0,0,1,1
21000012,19,1610612742,1610612766,467,1717,1890,2406,200826,2222,2564,2733,200748,201571,140,84,73,82.327,73.0,2292,2432,4,PT09M48.00S,4,PT07M28.00S,0,0,84,73,3.64,-1.413,85.968,71.587,2010-10-27,0,0,1,1
21000012,20,1610612742,1610612766,1890,2073,101133,200826,202346,2564,200748,201571,201945,201974,120,101,86,102.08,86.0,2760,2880,4,PT02M00.00S,4,PT00M00.00S,0,0,101,86,0.336,-1.942,102.417,84.058,2010-10-27,0,0,1,1
21000013,0,1610612759,1610612754,1495,1938,2210,2225,201971,2399,101122,201177,201579,201954,347,0,0,-1.024,0.149,0,347,1,PT12M00.00S,1,PT06M13.00S,0,0,0,0,0.0,0.0,-1.024,0.149,2010-10-27,0,0,1,1
21000013,1,1610612759,1610612754,1495,1938,2210,2225,201971,2399,201177,201579,201954,202331,60,0,0,0.0,0.0,347,407,1,PT06M13.00S,1,PT05M13.00S,0,0,0,0,-1.024,0.149,-1.024,0.149,2010-10-27,0,0,1,1
21000013,2,1610612759,1610612754,1495,1938,2210,201588,201971,2399,200780,201177,201954,202331,45,0,0,0.0,0.0,407,452,1,PT05M13.00S,1,PT04M28.00S,0,0,0,0,-1.024,0.149,-1.024,0.149,2010-10-27,0,0,1,1
21000013,3,1610612759,1610612754,1495,1938,2210,201588,201971,101122,200780,201177,201954,202331,33,0,0,0.0,0.0,452,485,1,PT04M28.00S,1,PT03M55.00S,0,0,0,0,-1.024,0.149,-1.024,0.149,2010-10-27,0,0,1,1
21000013,4,1610612759,1610612754,1495,2210,2225,2588,201588,1899,101122,200780,201954,202331,75,0,0,0.0,0.0,485,560,1,PT03M55.00S,1,PT02M40.00S,0,0,0,0,-1.024,0.149,-1.024,0.149,2010-10-27,0,0,1,1
21000013,5,1610612759,1610612754,686,2225,2588,201588,202341,1899,2551,101122,200780,202331,205,39,33,39.0,35.175,560,765,1,PT02M40.00S,2,PT11M15.00S,0,0,39,33,-1.024,0.149,37.976,35.323,2010-10-27,0,0,1,1
21000013,6,1610612759,1610612754,686,2225,2588,201588,202341,1899,2551,101122,201579,202331,161,-39,-33,-39.767,-33.0,765,926,2,PT11M15.00S,2,PT08M34.00S,39,33,0,0,37.976,35.323,-1.792,2.323,2010-10-27,0,0,1,1
21000013,7,1610612759,1610612754,686,1938,2225,2588,202341,1899,2399,101122,201579,201954,112,0,0,-3.351,-3.363,926,1038,2,PT08M34.00S,2,PT06M42.00S,0,0,0,0,-1.792,2.323,-5.143,-1.04,2010-10-27,0,0,1,1
21000013,8,1610612759,1610612754,1495,1938,2210,2225,2588,2399,101122,201177,201579,201954,59,0,0,1.056,0.0,1038,1097,2,PT06M42.00S,2,PT05M43.00S,0,0,0,0,-5.143,-1.04,-4.087,-1.04,2010-10-27,0,0,1,1
21000013,9,1610612759,1610612754,1495,1938,2210,201588,201971,2399,101122,201177,201579,201954,79,-54,-49,-54.0,-49.0,1097,1176,2,PT05M43.00S,2,PT04M24.00S,54,49,0,0,49.913,47.96,-4.087,-1.04,2010-10-27,0,0,1,1
21000013,10,1610612759,1610612754,1495,1938,2210,2225,201971,2399,101122,201177,201579,201954,70,60,58,58.349,58.0,1176,1246,2,PT04M24.00S,2,PT03M14.00S,0,0,60,58,-4.087,-1.04,54.263,56.96,2010-10-27,0,0,1,1
21000013,11,1610612759,1610612754,1495,1938,2210,2225,201971,1899,2399,101122,201579,201954,41,-60,-58,-60.0,-58.0,1246,1287,2,PT03M14.00S,2,PT02M33.00S,60,58,0,0,54.263,56.96,-5.737,-1.04,2010-10-27,0,0,1,1
21000013,12,1610612759,1610612754,1495,1938,2225,201971,202341,1899,2399,101122,201579,201954,85,64,62,62.349,62.986,1287,1372,2,PT02M33.00S,2,PT01M08.00S,0,0,64,62,-5.737,-1.04,56.612,61.946,2010-10-27,0,0,1,1
21000013,13,1610612759,1610612754,1495,1938,2225,2588,202341,1899,2399,201579,201954,202331,67,1,3,1.0,3.0,1372,1439,2,PT01M08.00S,2,PT00M01.00S,64,62,65,65,56.612,61.946,57.612,64.946,2010-10-27,0,0,1,1
21000013,14,1610612759,1610612754,1495,1938,2225,2588,202341,2399,201177,201579,201954,202331,40,1,1,2.056,1.0,1439,1479,2,PT00M01.00S,3,PT11M21.00S,65,65,66,66,57.612,64.946,59.668,65.946,2010-10-27,0,0,1,1
21000013,15,1610612759,1610612754,1495,1938,2225,2588,202341,2399,201177,201579,201954,202331,296,-66,-66,-65.067,-67.709,1479,1775,3,PT11M21.00S,3,PT06M25.00S,66,66,0,0,59.668,65.946,-5.399,-1.763,2010-10-27,0,0,1,1
21000013,16,1610612759,1610612754,686,1938,2250,201588,202341,1899,2399,2551,200780,202331,366,0,0,-1.398,0.311,1975,2341,3,PT03M05.00S,4,PT08M59.00S,0,0,0,0,-4.223,3.587,-5.622,3.898,2010-10-27,0,0,1,1
21000013,17,1610612759,1610612754,686,1495,2225,201588,202341,2551,101122,201177,201579,201954,111,0,0,-1.699,0.0,2341,2452,4,PT08M59.00S,4,PT07M08.00S,0,0,0,0,-5.622,3.898,-7.32,3.898,2010-10-27,0,0,1,1
21000013,18,1610612759,1610612754,686,1495,2225,201588,202341,101122,201177,201579,201954,202331,40,0,0,-1.531,0.0,2452,2492,4,PT07M08.00S,4,PT06M28.00S,0,0,0,0,-7.32,3.898,-8.851,3.898,2010-10-27,0,0,1,1
21000013,19,1610612759,1610612754,686,1495,2225,201588,202341,2399,101122,201177,201579,201954,95,0,0,0.933,-1.642,2492,2587,4,PT06M28.00S,4,PT04M53.00S,0,0,0,0,-8.851,3.898,-7.918,2.256,2010-10-27,0,0,1,1
21000013,20,1610612759,1610612754,686,1495,2225,201588,202341,2399,2551,101122,201177,201579,50,0,0,0.0,-1.642,2587,2637,4,PT04M53.00S,4,PT04M03.00S,0,0,0,0,-7.918,2.256,-7.918,0.614,2010-10-27,0,0,1,1
21000013,21,1610612759,1610612754,1495,1938,2210,2225,201588,1899,2399,101122,201579,201954,134,0,0,0.0,0.0,2637,2771,4,PT04M03.00S,4,PT01M49.00S,0,0,0,0,-7.918,0.614,-7.918,0.614,2010-10-27,0,0,1,1
21000013,22,1610612759,1610612754,1495,1938,2210,2225,201588,1899,2399,201579,201954,202331,37,0,0,0.0,0.0,2771,2808,4,PT01M49.00S,4,PT01M12.00S,0,0,0,0,-7.918,0.614,-7.918,0.614,2010-10-27,0,0,1,1
21000013,23,1610612759,1610612754,1495,2210,201588,201971,202390,1899,2399,201579,201954,202331,72,122,109,122.0,107.455,2808,2880,4,PT01M12.00S,4,PT00M00.00S,0,0,122,109,-7.918,0.614,114.082,108.069,2010-10-27,1,0,1,1
21000014,0,1610612743,1610612762,1497,1733,2403,2546,200749,1905,1952,2744,101114,200794,124,0,0,1.08,0.0,0,124,1,PT12M00.00S,1,PT09M56.00S,0,0,0,0,0.0,0.0,1.08,0.0,2010-10-27,0,0,1,1
21000014,1,1610612743,1610612762,1733,2408,2546,2747,201951,1952,2744,101114,200794,202330,43,0,0,0.0,1.1,535,578,1,PT03M05.00S,1,PT02M22.00S,0,0,0,0,2.381,0.763,2.381,1.863,2010-10-27,0,0,1,1
21000014,2,1610612743,1610612762,1733,2408,2546,2747,201951,1952,2744,101114,202330,202379,53,25,17,23.283,17.0,578,631,1,PT02M22.00S,1,PT01M29.00S,0,0,25,17,2.381,1.863,25.664,18.863,2010-10-27,0,0,1,1
21000014,3,1610612743,1610612762,1497,1733,2408,2546,2747,1952,101114,201178,202330,202379,151,-25,-17,-22.858,-17.0,631,782,1,PT01M29.00S,2,PT10M58.00S,25,17,0,0,25.664,18.863,2.806,1.863,2010-10-27,0,0,1,1
21000014,4,1610612743,1610612762,1497,1733,2408,2546,2747,1952,2248,201178,202330,202379,35,0,0,0.0,-1.607,782,817,2,PT10M58.00S,2,PT10M23.00S,0,0,0,0,2.806,1.863,2.806,0.257,2010-10-27,0,0,1,1
21000014,5,1610612743,1610612762,1497,1733,2408,2747,201167,1952,2248,201178,202330,202379,64,0,0,0.0,0.87,817,881,2,PT10M23.00S,2,PT09M19.00S,0,0,0,0,2.806,0.257,2.806,1.127,2010-10-27,0,0,1,1
21000014,6,1610612743,1610612762,1497,1733,2408,2747,201167,1922,1952,2248,201178,202330,63,37,26,37.0,26.0,881,944,2,PT09M19.00S,2,PT08M16.00S,0,0,37,26,2.806,1.127,39.806,27.127,2010-10-27,0,0,1,1
21000014,7,1610612743,1610612762,1733,1497,2408,2747,201167,1922,1952,2248,201178,202330,9,1,0,1.0,0.0,944,953,2,PT08M16.00S,2,PT08M07.00S,37,26,38,26,39.806,27.127,40.806,27.127,2010-10-27,1,0,1,1
21000014,8,1610612743,1610612762,1733,1497,2408,2747,201167,1905,1922,1952,2248,2744,139,-38,-26,-38.0,-26.0,953,1092,2,PT08M07.00S,2,PT05M48.00S,38,26,0,0,40.806,27.127,2.806,1.127,2010-10-27,1,0,1,1
21000014,9,1610612743,1610612762,1497,1733,2408,2747,201951,1952,101139,101179,200794,202330,172,0,0,3.131,2.177,2132,2304,3,PT00M28.20S,4,PT09M36.00S,0,0,0,0,0.35,-0.625,3.481,1.551,2010-10-27,1,0,1,1
21000014,10,1610612743,1610612762,1497,1733,2747,201167,201951,1952,101139,101179,200794,202330,21,0,0,1.068,0.0,2486,2507,4,PT06M34.00S,4,PT06M13.00S,0,0,0,0,1.909,1.551,2.977,1.551,2010-10-27,1,0,1,1
21000014,11,1610612743,1610612762,1497,1733,2747,201167,201951,1952,101179,200794,202330,202379,54,-98,-73,-98.0,-73.0,2507,2561,4,PT06M13.00S,4,PT05M19.00S,98,73,0,0,100.977,74.551,2.977,1.551,2010-10-27,1,0,1,1
21000014,12,1610612743,1610612762,1497,2747,201167,201814,201951,1952,101179,200794,202330,202379,131,0,0,0.0,0.0,2561,2692,4,PT05M19.00S,4,PT03M08.00S,0,0,0,0,2.977,1.551,2.977,1.551,2010-10-27,1,0,1,1
21000014,13,1610612743,1610612762,1497,200764,201167,201814,201951,1952,101179,200794,202330,202379,188,110,88,111.064,89.1,2692,2880,4,PT03M08.00S,4,PT00M00.00S,0,0,110,88,2.977,1.551,114.04,90.652,2010-10-27,1,0,1,1
21000015,0,1610612744,1610612745,2740,2748,101135,101145,201939,2203,2449,2755,101236,201166,645,31,29,32.686,29.52,0,645,1,PT12M00.00S,1,PT01M15.00S,0,0,31,29,0.0,0.0,32.686,29.52,2010-10-27,0,0,1,1
21000015,1,1610612744,1610612745,2209,2748,101135,101145,201939,2407,101236,201166,201584,201978,65,3,1,1.24,2.076,645,710,1,PT01M15.00S,1,PT00M10.40S,31,29,34,30,32.686,29.52,33.926,31.596,2010-10-27,0,0,1,1
21000015,2,1610612744,1610612745,2209,2748,101145,201939,202130,2407,101236,201166,201584,201978,29,0,1,1.137,1.0,710,739,1,PT00M10.40S,2,PT11M41.00S,34,30,34,31,33.926,31.596,35.063,32.596,2010-10-27,0,0,1,1
21000015,3,1610612744,1610612745,2209,2748,101145,200760,202130,2407,101236,201166,201584,201978,122,4,9,4.0,7.195,739,861,2,PT11M41.00S,2,PT09M39.00S,34,31,38,40,35.063,32.596,39.063,39.791,2010-10-27,0,0,1,1
21000015,4,1610612744,1610612745,2209,101145,200760,201148,202130,2407,101236,201166,201584,201978,64,4,0,4.853,0.902,861,925,2,PT09M39.00S,2,PT08M35.00S,38,40,42,40,39.063,39.791,43.916,40.693,2010-10-27,0,0,1,1
21000015,5,1610612744,1610612745,2209,101145,200760,201148,202130,2407,2449,201166,201584,201978,104,4,4,2.112,4.0,925,1029,2,PT08M35.00S,2,PT06M51.00S,42,40,46,44,43.916,40.693,46.028,44.693,2010-10-27,0,0,1,1
21000015,6,1610612744,1610612745,101135,101145,200760,201148,202130,2407,2449,201166,201584,201978,138,7,5,7.0,5.0,1029,1167,2,PT06M51.00S,2,PT04M33.00S,46,44,53,49,46.028,44.693,53.028,49.693,2010-10-27,0,0,1,1
21000015,7,1610612744,1610612745,101135,200760,201148,201939,202130,2407,2449,201166,201584,201978,55,3,4,1.171,4.0,1167,1222,2,PT04M33.00S,2,PT03M38.00S,53,49,56,53,53.028,49.693,54.199,53.693,2010-10-27,0,0,1,1
21000015,8,1610612744,1610612745,2740,101135,200760,201939,202130,2203,2407,2449,2755,201166,20,1,3,1.958,1.267,1222,1242,2,PT03M38.00S,2,PT03M18.00S,56,53,57,56,54.199,53.693,56.157,54.96,2010-10-27,0,0,1,1
21000015,9,1610612744,1610612745,2740,101135,200760,201939,202130,2203,2449,2755,101236,201166,52,1,4,1.0,2.406,1242,1294,2,PT03M18.00S,2,PT02M26.00S,57,56,58,60,56.157,54.96,57.157,57.367,2010-10-27,0,0,1,1
21000015,10,1610612744,1610612745,2740,101135,101145,200760,201939,2203,2449,2755,101236,201166,27,2,1,2.0,1.0,1294,1321,2,PT02M26.00S,2,PT01M59.00S,58,60,60,61,57.157,57.367,59.157,58.367,2010-10-27,0,0,1,1
21000015,11,1610612744,1610612745,2740,2748,101135,101145,201939,2203,2449,2755,101236,201166,71,2,4,2.0,4.0,1321,1392,2,PT01M59.00S,2,PT00M48.00S,60,61,62,65,59.157,58.367,61.157,62.367,2010-10-27,0,0,1,1
21000015,12,1610612744,1610612745,2748,101135,101145,201939,202399,2449,2755,101236,201166,201584,530,29,16,26.142,21.544,1392,1922,2,PT00M48.00S,3,PT03M58.00S,62,65,91,81,61.157,62.367,87.3,83.911,2010-10-27,0,0,1,1
21000016,0,1610612746,1610612757,1884,2549,101155,201569,201933,948,1889,200746,200750,201587,170,0,0,0.971,1.06,0,170,1,PT12M00.00S,1,PT09M10.00S,0,0,0,0,0.0,0.0,0.971,1.06,2010-10-27,0,0,1,1
21000016,1,1610612746,1610612757,1884,2549,101155,200751,201933,948,1889,200746,200750,201587,195,0,0,-0.97,-1.551,170,365,1,PT09M10.00S,1,PT05M55.00S,0,0,0,0,0.971,1.06,0.002,-0.491,2010-10-27,0,0,1,1
21000016,2,1610612746,1610612757,1884,2549,101155,200751,201933,948,1889,200750,201587,201967,53,0,0,0.909,0.0,365,418,1,PT05M55.00S,1,PT05M02.00S,0,0,0,0,0.002,-0.491,0.911,-0.491,2010-10-27,0,0,1,1
21000016,3,1610612746,1610612757,1884,2549,101155,200751,201933,948,1889,200750,201967,202083,38,0,0,0.0,0.0,418,456,1,PT05M02.00S,1,PT04M24.00S,0,0,0,0,0.911,-0.491,0.911,-0.491,2010-10-27,0,0,1,1
21000016,4,1610612746,1610612757,2446,2549,101155,200751,201933,948,1889,200750,201967,202083,92,0,0,1.029,0.0,456,548,1,PT04M24.00S,1,PT02M52.00S,0,0,0,0,0.911,-0.491,1.94,-0.491,2010-10-27,0,0,1,1
21000016,5,1610612746,1610612757,2446,2549,101155,200751,201599,948,200750,201164,201967,202083,31,0,0,0.0,0.0,548,579,1,PT02M52.00S,1,PT02M21.00S,0,0,0,0,1.94,-0.491,1.94,-0.491,2010-10-27,0,0,1,1
21000016,6,1610612746,1610612757,2446,2549,101155,200751,201599,101177,200750,201164,201967,202083,223,0,0,-2.184,-5.248,579,802,1,PT02M21.00S,2,PT10M38.00S,0,0,0,0,1.94,-0.491,-0.244,-5.738,2010-10-27,0,0,1,1
21000016,7,1610612746,1610612757,2446,2549,101155,200751,201599,200750,101177,200746,201164,202083,37,0,0,0.0,-1.7,802,839,2,PT10M38.00S,2,PT10M01.00S,0,0,0,0,-0.244,-5.738,-0.244,-7.439,2010-10-27,0,1,1,1
21000016,8,1610612746,1610612757,2446,2549,101155,201569,201599,200750,101177,200746,201164,202083,96,0,0,-1.592,0.0,839,935,2,PT10M01.00S,2,PT08M25.00S,0,0,0,0,-0.244,-7.439,-1.835,-7.439,2010-10-27,0,1,1,1
21000016,9,1610612746,1610612757,2446,2549,101155,201569,201599,101177,948,200746,201164,201587,27,0,0,0.0,0.0,935,962,2,PT08M25.00S,2,PT07M58.00S,0,0,0,0,-1.835,-7.439,-1.835,-7.439,2010-10-27,0,1,1,1
21000016,10,1610612746,1610612757,2446,2549,200751,201599,201933,948,101177,200746,200750,201587,103,0,0,0.0,0.0,2392,2495,4,PT08M08.00S,4,PT06M25.00S,0,0,0,0,-4.555,-4.138,-4.555,-4.138,2010-10-27,0,1,1,1
21000016,11,1610612746,1610612757,1884,2549,101155,201599,201933,948,101177,200746,200750,201587,182,80,90,80.0,88.559,2495,2677,4,PT06M25.00S,4,PT03M23.00S,0,0,80,90,-4.555,-4.138,75.445,84.421,2010-10-27,0,1,1,1
21000016,12,1610612746,1610612757,1884,2446,2549,201599,201933,948,101177,200746,200750,201587,164,-80,-90,-76.992,-90.0,2677,2841,4,PT03M23.00S,4,PT00M39.00S,80,90,0,0,75.445,84.421,-1.547,-5.579,2010-10-27,0,1,1,1
21000017,0,1610612753,1610612764,1713,1740,2047,2730,2749,2550,101154,201154,201580,202322,301,12,5,12.611,6.127,0,301,1,PT12M00.00S,1,PT06M59.00S,0,0,12,5,0.0,0.0,12.611,6.127,2010-10-28,0,0,1,1
21000017,1,1610612753,1610612764,1713,1740,2047,2730,2749,2550,101154,200756,201154,202322,142,-12,-5,-12.52,-5.0,301,443,1,PT06M59.00S,1,PT04M37.00S,12,5,0,0,12.611,6.127,0.091,1.127,2010-10-28,0,0,1,1
21000017,2,1610612753,1610612764,1713,2047,2730,2749,101138,2550,101154,200756,201858,202322,52,0,0,1.068,1.059,443,495,1,PT04M37.00S,1,PT03M45.00S,0,0,0,0,0.091,1.127,1.158,2.186,2010-10-28,0,0,1,1
21000017,3,1610612753,1610612764,2047,2730,2749,101138,200755,2550,101154,200756,201858,202322,65,0,0,0.0,-0.0,495,560,1,PT03M45.00S,1,PT02M40.00S,0,0,0,0,1.158,2.186,1.158,2.186,2010-10-28,0,0,1,1
21000017,4,1610612753,1610612764,1740,2730,2768,101138,200755,2550,101154,200756,201858,202322,117,0,0,0.0,-1.648,560,677,1,PT02M40.00S,1,PT00M42.80S,0,0,0,0,1.158,2.186,1.158,0.538,2010-10-28,0,0,1,1
21000017,5,1610612753,1610612764,1740,2730,2768,101138,200755,2550,101154,201146,201858,202322,123,0,0,-1.639,0.0,677,800,1,PT00M42.80S,2,PT10M40.00S,0,0,0,0,1.158,0.538,-0.481,0.538,2010-10-28,0,0,1,1
21000017,6,1610612753,1610612764,1740,2730,2768,101138,200755,2550,201146,201580,201858,202322,73,0,0,0.0,0.0,800,873,2,PT10M40.00S,2,PT09M27.00S,0,0,0,0,-0.481,0.538,-0.481,0.538,2010-10-28,0,0,1,1
21000017,7,1610612753,1610612764,2047,2730,2749,101138,200755,2550,201146,201154,201580,202322,453,0,0,1.729,-1.348,1301,1754,2,PT02M19.00S,3,PT06M46.00S,0,0,0,0,-1.085,0.348,0.645,-1.0,2010-10-28,0,0,1,1
21000017,8,1610612753,1610612764,1715,2047,2730,101138,201583,2550,201146,201858,201991,202344,130,0,0,-0.782,-1.827,2530,2660,4,PT05M50.00S,4,PT03M40.00S,0,0,0,0,-1.76,4.358,-2.542,2.531,2010-10-28,0,0,1,1
21000017,9,1610612753,1610612764,1715,2047,2730,101138,201583,2550,201858,201991,202344,202380,161,0,0,0.996,0.0,2660,2821,4,PT03M40.00S,4,PT00M58.90S,0,0,0,0,-2.542,2.531,-1.546,2.531,2010-10-28,0,0,1,1
21000017,10,1610612753,1610612764,2047,2730,2768,101138,201583,2550,201858,201991,202344,202380,59,112,83,112.0,83.887,2821,2880,4,PT00M58.90S,4,PT00M00.00S,0,0,112,83,-1.546,2.531,110.454,86.418,2010-10-28,0,0,1,1
21000018,0,1610612762,1610612756,1905,1952,2744,101114,200794,255,959,2045,2202,201577,381,0,0,-0.451,-1.512,0,381,1,PT12M00.00S,1,PT05M39.00S,0,0,0,0,0.0,0.0,-0.451,-1.512,2010-10-28,0,0,1,1
21000018,1,1610612762,1610612756,1905,1952,2744,101114,200794,255,959,2045,2202,101112,115,0,0,2.256,2.274,381,496,1,PT05M39.00S,1,PT03M44.00S,0,0,0,0,-0.451,-1.512,1.805,0.762,2010-10-28,0,0,1,1
21000018,2,1610612762,1610612756,1952,2744,101114,101139,200794,255,959,2045,2202,101112,27,0,0,0.0,0.0,496,523,1,PT03M44.00S,1,PT03M17.00S,0,0,0,0,1.805,0.762,1.805,0.762,2010-10-28,0,0,1,1
21000018,3,1610612762,1610612756,1952,2744,101114,101139,200794,959,2202,2735,101112,101124,29,0,0,0.0,0.0,523,552,1,PT03M17.00S,1,PT02M48.00S,0,0,0,0,1.805,0.762,1.805,0.762,2010-10-28,0,0,1,1
21000018,4,1610612762,1610612756,1952,101114,101139,200794,201178,959,2202,2735,101112,101124,58,0,0,0.0,0.0,552,610,1,PT02M48.00S,1,PT01M50.00S,0,0,0,0,1.805,0.762,1.805,0.762,2010-10-28,0,0,1,1
21000018,5,1610612762,1610612756,1905,1952,101114,101139,201178,959,2202,2735,101112,101124,37,19,22,19.0,22.0,610,647,1,PT01M50.00S,1,PT01M13.00S,0,0,19,22,1.805,0.762,20.805,22.762,2010-10-28,0,0,1,1
21000018,6,1610612762,1610612756,1905,1952,101114,101139,201178,959,2735,101112,101124,201162,13,1,1,1.0,1.0,647,660,1,PT01M13.00S,1,PT01M00.00S,19,22,20,23,20.805,22.762,21.805,23.762,2010-10-28,0,0,1,1
21000018,7,1610612762,1610612756,1905,1952,101114,201178,202330,2735,101112,101124,201162,201609,252,-20,-23,-19.107,-28.247,660,912,1,PT01M00.00S,2,PT08M48.00S,20,23,0,0,21.805,23.762,2.698,-4.484,2010-10-28,0,0,1,1
21000018,8,1610612762,1610612756,1952,2744,101114,200794,202330,2735,101124,201162,201577,201609,107,0,0,0.0,0.0,912,1019,2,PT08M48.00S,2,PT07M01.00S,0,0,0,0,2.698,-4.484,2.698,-4.484,2010-10-28,0,0,1,1
21000018,9,1610612762,1610612756,1952,2744,101114,200794,202330,2045,2735,201162,201577,201609,74,0,0,0.0,-1.631,1019,1093,2,PT07M01.00S,2,PT05M47.00S,0,0,0,0,2.698,-4.484,2.698,-6.116,2010-10-28,0,0,1,1
21000018,10,1610612762,1610612756,1952,2744,101114,200794,202330,959,2045,2202,2735,201577,23,0,0,0.0,0.0,1093,1116,2,PT05M47.00S,2,PT05M24.00S,0,0,0,0,2.698,-6.116,2.698,-6.116,2010-10-28,0,0,1,1
21000018,11,1610612762,1610612756,1952,2744,101114,200794,202330,255,959,2202,101124,201577,215,0,0,2.374,0.0,1116,1331,2,PT05M24.00S,2,PT01M49.00S,0,0,0,0,2.698,-6.116,5.072,-6.116,2010-10-28,0,0,1,1
21000018,12,1610612762,1610612756,1905,2744,101114,200794,202330,255,959,2202,101112,101124,368,0,0,0.0,1.605,1331,1699,2,PT01M49.00S,3,PT07M41.00S,0,0,0,0,5.072,-6.116,5.072,-4.51,2010-10-28,0,0,1,1
21000018,13,1610612762,1610612756,1905,2744,101114,200794,202330,255,959,2202,101112,101124,66,0,0,0.0,-1.515,1699,1765,3,PT07M41.00S,3,PT06M35.00S,0,0,0,0,5.072,-4.51,5.072,-6.025,2010-10-28,0,0,1,1
21000018,14,1610612762,1610612756,1905,2744,101114,200794,202330,255,959,2202,101112,101124,171,0,0,-3.369,0.604,1765,1936,3,PT06M35.00S,3,PT03M44.00S,0,0,0,0,5.072,-6.025,1.703,-5.422,2010-10-28,0,0,1,1
21000018,15,1610612762,1610612756,1905,2744,101114,101139,202330,255,959,101112,101124,201162,83,0,0,-1.778,-1.624,1936,2019,3,PT03M44.00S,3,PT02M21.00S,0,0,0,0,1.703,-5.422,-0.075,-7.046,2010-10-28,0,0,1,1
21000018,16,1610612762,1610612756,1905,1922,101114,101139,202330,959,2735,101112,101124,201162,28,69,79,69.0,79.0,2019,2047,3,PT02M21.00S,3,PT01M53.00S,0,0,69,79,-0.075,-7.046,68.925,71.954,2010-10-28,0,0,1,1
21000018,17,1610612762,1610612756,1905,1922,101114,101139,202330,2735,101112,101124,201162,201609,108,-69,-79,-67.866,-78.704,2047,2155,3,PT01M53.00S,3,PT00M05.40S,69,79,0,0,68.925,71.954,1.059,-6.749,2010-10-28,0,0,1,1
21000018,18,1610612762,1610612756,1905,1922,101139,101179,202330,2735,101112,101124,201162,201609,26,0,0,0.0,0.0,2155,2181,3,PT00M05.40S,4,PT11M39.00S,0,0,0,0,1.059,-6.749,1.059,-6.749,2010-10-28,0,0,1,1
21000018,19,1610612762,1610612756,1905,1922,101139,101179,202330,2735,101112,101124,201162,201609,99,0,0,0.0,1.187,2181,2280,4,PT11M39.00S,4,PT10M00.00S,0,0,0,0,1.059,-6.749,1.059,-5.563,2010-10-28,0,0,1,1
21000018,20,1610612762,1610612756,1905,2744,101114,101139,202330,2735,101112,101124,201162,201609,65,0,0,0.0,-0.0,2280,2345,4,PT10M00.00S,4,PT08M55.00S,0,0,0,0,1.059,-5.563,1.059,-5.563,2010-10-28,0,0,1,1
21000018,21,1610612762,1610612756,1952,2744,101114,200794,202330,2735,101112,101124,201162,201609,117,0,0,0.0,1.082,2345,2462,4,PT08M55.00S,4,PT06M58.00S,0,0,0,0,1.059,-5.563,1.059,-4.48,2010-10-28,0,0,1,1
21000018,22,1610612762,1610612756,1952,2744,101114,200794,202330,959,2045,2735,101112,201162,119,0,0,1.125,0.0,2462,2581,4,PT06M58.00S,4,PT04M59.00S,0,0,0,0,1.059,-4.48,2.184,-4.48,2010-10-28,0,0,1,1
21000018,23,1610612762,1610612756,1952,2744,101114,200794,202330,255,959,2045,2202,201577,59,0,0,-0.451,0.0,2581,2640,4,PT04M59.00S,4,PT04M00.00S,0,0,0,0,2.184,-4.48,1.733,-4.48,2010-10-28,0,0,1,1
21000018,24,1610612762,1610612756,1952,2744,101114,200794,202330,255,959,2045,2202,101112,93,0,0,0.0,-0.513,2640,2733,4,PT04M00.00S,4,PT02M27.00S,0,0,0,0,1.733,-4.48,1.733,-4.994,2010-10-28,0,0,1,1
21000018,25,1610612762,1610612756,1905,1952,2744,101114,202330,255,959,2045,2202,101112,88,92,107,92.0,107.0,2733,2821,4,PT02M27.00S,4,PT00M59.40S,0,0,92,107,1.733,-4.994,93.733,102.006,2010-10-28,0,0,1,1
21000018,26,1610612762,1610612756,1905,1952,2744,101114,202330,255,2045,2202,101112,201609,13,0,3,1.214,3.0,2821,2834,4,PT00M59.40S,4,PT00M45.50S,92,107,92,110,93.733,102.006,94.946,105.006,2010-10-28,0,0,1,1
21000018,27,1610612762,1610612756,2248,101139,101179,201178,202330,255,2045,2202,101112,201609,46,2,0,2.0,1.091,2834,2880,4,PT00M45.50S,4,PT00M00.00S,92,110,94,110,94.946,105.006,96.946,106.098,2010-10-28,0,0,1,1
21000019,0,1610612766,1610612754,1536,1737,2222,2564,201571,2399,101122,201177,201579,201954,214,10,8,10.0,9.668,0,214,1,PT12M00.00S,1,PT08M26.00S,0,0,10,8,0.0,0.0,10.0,9.668,2010-10-29,0,0,1,1
21000019,1,1610612766,1610612754,1737,2222,2564,201571,201945,2399,101122,201177,201579,201954,117,-10,-8,-10.0,-8.0,214,331,1,PT08M26.00S,1,PT06M29.00S,10,8,0,0,10.0,9.668,0.0,1.668,2010-10-29,0,0,1,1
21000019,2,1610612766,1610612754,2205,2222,2564,201571,201945,2399,101122,201177,201579,201954,106,0,0,0.0,-1.641,331,437,1,PT06M29.00S,1,PT04M43.00S,0,0,0,0,0.0,1.668,0.0,0.027,2010-10-29,0,0,1,1
21000019,3,1610612766,1610612754,2205,2222,2564,201571,201945,1899,2399,101122,201579,201954,108,0,0,-0.692,-0.481,437,545,1,PT04M43.00S,1,PT02M55.00S,0,0,0,0,0.0,0.027,-0.692,-0.454,2010-10-29,0,0,1,1
21000019,4,1610612766,1610612754,1536,200748,201571,201945,201974,1899,2399,200780,201954,202331,171,-24,-23,-25.618,-23.0,545,716,1,PT02M55.00S,1,PT00M03.90S,24,23,0,0,23.308,22.546,-2.311,-0.454,2010-10-29,0,0,1,1
21000019,5,1610612766,1610612754,1536,2222,200748,201571,201974,1899,2399,200780,201954,202331,146,0,0,-0.863,-0.49,716,862,1,PT00M03.90S,2,PT09M38.00S,0,0,0,0,-2.311,-0.454,-3.174,-0.944,2010-10-29,0,0,1,1
21000019,6,1610612766,1610612754,1536,2222,200748,201571,201974,2399,200780,201177,201954,202331,10,0,0,0.0,0.0,862,872,2,PT09M38.00S,2,PT09M28.00S,0,0,0,0,-3.174,-0.944,-3.174,-0.944,2010-10-29,0,0,1,1
21000019,7,1610612766,1610612754,2222,2564,200748,201571,201974,2399,200780,201177,201954,202331,46,0,0,0.0,-0.0,872,918,2,PT09M28.00S,2,PT08M42.00S,0,0,0,0,-3.174,-0.944,-3.174,-0.944,2010-10-29,0,0,1,1
21000019,8,1610612766,1610612754,2205,2222,2564,200748,201571,1899,2399,201177,201579,201954,50,0,0,0.0,0.0,918,968,2,PT08M42.00S,2,PT07M52.00S,0,0,0,0,-3.174,-0.944,-3.174,-0.944,2010-10-29,0,0,1,1
21000019,9,1610612766,1610612754,2205,2222,2564,200748,201571,1899,2399,201579,201946,201954,148,0,0,0.0,-1.641,968,1116,2,PT07M52.00S,2,PT05M24.00S,0,0,0,0,-3.174,-0.944,-3.174,-2.585,2010-10-29,0,0,1,1
21000019,10,1610612766,1610612754,2205,2222,201571,201945,201974,2399,201579,201946,201954,202331,48,0,0,0.0,-1.615,1186,1234,2,PT04M14.00S,2,PT03M26.00S,0,0,0,0,-3.174,-2.585,-3.174,-4.2,2010-10-29,0,0,1,1
21000019,11,1610612766,1610612754,1737,2222,201571,201945,201974,2399,201579,201946,201954,202331,200,57,50,55.21,50.744,1234,1434,2,PT03M26.00S,2,PT00M06.00S,0,0,57,50,-3.174,-4.2,52.036,46.545,2010-10-29,0,0,1,1
21000019,12,1610612766,1610612754,2222,2564,201571,201945,201974,2399,201579,201946,201954,202331,278,-57,-50,-55.993,-49.258,1434,1712,2,PT00M06.00S,3,PT07M28.00S,57,50,0,0,52.036,46.545,-3.957,-2.714,2010-10-29,0,0,1,1
21000019,13,1610612766,1610612754,1536,2222,2564,200748,201571,1899,2399,2551,200780,201946,45,0,0,2.015,0.0,2835,2880,4,PT00M44.90S,4,PT00M00.00S,0,0,0,0,-2.561,-3.806,-0.547,-3.806,2010-10-29,0,0,1,1
21000020,0,1610612751,1610612758,693,2566,2734,201572,201627,2757,201171,201936,201956,202326,265,9,6,11.212,7.125,0,265,1,PT12M00.00S,1,PT07M35.00S,0,0,9,6,0.0,0.0,11.212,7.125,2010-10-29,0,0,1,1
21000020,1,1610612751,1610612758,693,2566,2734,201572,201627,2223,2757,201574,201936,201956,80,-9,-6,-9.0,-6.0,265,345,1,PT07M35.00S,1,PT06M15.00S,9,6,0,0,11.212,7.125,2.212,1.125,2010-10-29,0,0,1,1
21000020,2,1610612751,1610612758,2566,2734,201572,201627,202324,2223,101128,201574,201936,201956,194,0,0,0.0,1.043,345,539,1,PT06M15.00S,1,PT03M01.00S,0,0,0,0,2.212,1.125,2.212,2.168,2010-10-29,0,0,1,1
21000020,3,1610612751,1610612758,2566,200770,201572,201944,202324,2757,101128,101129,201574,202326,10,0,0,0.0,0.0,539,549,1,PT03M01.00S,1,PT02M51.00S,0,0,0,0,2.212,2.168,2.212,2.168,2010-10-29,0,0,1,1
21000020,4,1610612751,1610612758,200770,201572,201944,202324,202345,2757,101128,101129,201574,202326,40,26,15,26.0,15.0,549,589,1,PT02M51.00S,1,PT02M11.00S,0,0,26,15,2.212,2.168,28.212,17.168,2010-10-29,0,0,1,1
21000020,5,1610612751,1610612758,101130,200770,201944,202324,202345,2757,101128,101129,201171,202326,266,9,9,7.404,13.182,589,855,1,PT02M11.00S,2,PT09M45.00S,26,15,35,24,28.212,17.168,35.616,30.35,2010-10-29,0,0,1,1
21000020,6,1610612751,1610612758,2743,200770,201944,202324,202345,2757,101128,201171,201936,202326,52,-35,-24,-35.0,-24.0,855,907,2,PT09M45.00S,2,PT08M53.00S,35,24,0,0,35.616,30.35,0.616,6.35,2010-10-29,0,0,1,1
21000020,7,1610612751,1610612758,2743,200770,201572,201627,202345,2757,101128,201171,201936,202326,73,41,30,39.364,30.0,907,980,2,PT08M53.00S,2,PT07M40.00S,0,0,41,30,0.616,6.35,39.98,36.35,2010-10-29,0,0,1,1
21000020,8,1610612751,1610612758,2566,2743,200770,201572,201627,2223,2757,201171,201936,201956,61,-41,-30,-41.0,-30.0,980,1041,2,PT07M40.00S,2,PT06M39.00S,41,30,0,0,39.98,36.35,-1.02,6.35,2010-10-29,0,0,1,1
21000020,9,1610612751,1610612758,2566,2734,2743,201572,201627,2223,2757,201171,201936,201956,48,0,0,0.0,1.086,1041,1089,2,PT06M39.00S,2,PT05M51.00S,0,0,0,0,-1.02,6.35,-1.02,7.436,2010-10-29,0,0,1,1
21000020,10,1610612751,1610612758,2566,2734,2743,201572,201627,2757,201171,201574,201936,201956,54,50,36,48.27,34.305,1089,1143,2,PT05M51.00S,2,PT04M57.00S,0,0,50,36,-1.02,7.436,47.25,41.742,2010-10-29,0,0,1,1
21000020,11,1610612751,1610612758,2566,2734,2743,201572,201627,2757,201574,201936,201956,202326,52,2,3,2.0,3.0,1143,1195,2,PT04M57.00S,2,PT04M05.00S,50,36,52,39,47.25,41.742,49.25,44.742,2010-10-29,0,0,1,1
21000020,12,1610612751,1610612758,693,2566,2734,201572,201627,2757,201574,201936,201956,202326,19,1,0,1.0,0.0,1195,1214,2,PT04M05.00S,2,PT03M46.00S,52,39,53,39,49.25,44.742,50.25,44.742,2010-10-29,0,0,1,1
21000020,13,1610612751,1610612758,693,2566,2734,201572,201627,2757,201616,201936,201956,202326,13,3,0,3.0,1.125,1214,1227,2,PT03M46.00S,2,PT03M33.00S,53,39,56,39,50.25,44.742,53.25,45.866,2010-10-29,0,0,1,1
21000020,14,1610612751,1610612758,693,2566,2734,201572,201627,2757,201590,201616,201936,201956,96,-56,-39,-57.745,-39.0,1227,1323,2,PT03M33.00S,2,PT01M57.00S,56,39,0,0,53.25,45.866,-4.495,6.866,2010-10-29,0,0,1,1
21000020,15,1610612751,1610612758,2734,201572,201627,201944,202324,2757,201590,201616,201936,201956,29,-60,-46,-58.842,-46.0,1323,1352,2,PT01M57.00S,2,PT01M28.00S,60,46,0,0,55.505,52.866,-3.337,6.866,2010-10-29,0,0,1,1
21000020,16,1610612751,1610612758,200770,201572,201627,201944,202324,101128,101129,201590,201616,201936,208,0,0,0.0,-3.655,1352,1560,2,PT01M28.00S,3,PT10M00.00S,0,0,0,0,-3.337,6.866,-3.337,3.212,2010-10-29,0,0,1,1
21000021,0,1610612755,1610612737,1882,2574,2738,201150,201950,1710,2207,2746,101107,201143,355,18,12,17.554,13.462,0,355,1,PT12M00.00S,1,PT06M05.00S,0,0,18,12,0.0,0.0,17.554,13.462,2010-10-29,0,0,1,1
21000021,1,1610612755,1610612737,1882,2574,2738,201150,201950,1710,2207,2746,101107,201143,115,0,8,0.0,8.0,355,470,1,PT06M05.00S,1,PT04M10.00S,18,12,18,20,17.554,13.462,17.554,21.462,2010-10-29,0,1,1,1
21000021,2,1610612755,1610612737,1882,2738,2804,201150,201950,1710,2207,2694,101107,201143,24,0,1,0.0,1.0,470,494,1,PT04M10.00S,1,PT03M46.00S,18,20,18,21,17.554,21.462,17.554,22.462,2010-10-29,0,1,1,1
21000021,3,1610612755,1610612737,1882,2738,2804,201152,201950,1710,2207,2694,101107,201143,13,1,1,1.0,1.0,494,507,1,PT03M46.00S,1,PT03M33.00S,18,21,19,22,17.554,22.462,18.554,23.462,2010-10-29,0,1,1,1
21000021,4,1610612755,1610612737,1882,2738,2804,201152,201950,1710,2694,101107,201143,201952,136,9,8,7.338,6.414,507,643,1,PT03M33.00S,1,PT01M17.00S,19,22,28,30,18.554,23.462,25.892,29.876,2010-10-29,0,1,1,1
21000021,5,1610612755,1610612737,1882,2804,101150,201152,201950,1710,2694,101107,201143,201952,45,2,1,2.0,1.0,643,688,1,PT01M17.00S,1,PT00M31.50S,28,30,30,31,25.892,29.876,27.892,30.876,2010-10-29,0,1,1,1
21000021,6,1610612755,1610612737,1499,2804,101150,201152,202323,1710,2694,101107,201143,201952,17,0,2,0.0,2.0,688,705,1,PT00M31.50S,1,PT00M15.30S,30,31,30,33,27.892,30.876,27.892,32.876,2010-10-29,0,1,1,1
21000021,7,1610612755,1610612737,2804,101150,201152,201578,202323,1710,2694,101107,201143,201952,115,0,2,0.0,3.017,705,820,1,PT00M15.30S,2,PT10M20.00S,30,33,30,35,27.892,32.876,27.892,35.893,2010-10-29,0,1,1,1
21000021,8,1610612755,1610612737,2738,101150,201152,201578,202323,1710,2694,101107,201143,201952,47,0,2,0.0,2.0,820,867,2,PT10M20.00S,2,PT09M33.00S,30,35,30,37,27.892,35.893,27.892,37.893,2010-10-29,0,1,1,1
21000021,9,1610612755,1610612737,1882,2738,101150,201150,202323,1710,2694,101107,201143,201952,16,1,1,1.0,1.0,867,883,2,PT09M33.00S,2,PT09M17.00S,30,38,31,39,27.892,38.893,28.892,39.893,2010-10-29,0,1,1,1
21000021,10,1610612755,1610612737,1882,2738,101150,201150,202323,201952,1710,2694,101107,201143,99,2,6,2.0,6.0,883,982,2,PT09M17.00S,2,PT07M38.00S,31,39,33,45,28.892,39.893,30.892,45.893,2010-10-29,0,1,1,1
21000021,11,1610612755,1610612737,1882,2738,101150,201150,201950,201952,1710,2694,101107,201143,107,7,4,5.355,4.0,982,1089,2,PT07M38.00S,2,PT05M51.00S,33,45,40,49,30.892,45.893,36.247,49.893,2010-10-29,0,1,1,1
21000021,12,1610612755,1610612737,1882,2738,201150,201950,202323,2694,1710,2207,101107,201143,77,2,0,2.0,0.0,1132,1209,2,PT05M08.00S,2,PT03M51.00S,43,51,45,51,37.525,51.893,39.525,51.893,2010-10-29,0,1,1,1
21000021,13,1610612755,1610612737,1882,2738,101150,201150,202323,2694,1710,2207,101107,201143,57,4,3,4.0,4.092,1209,1266,2,PT03M51.00S,2,PT02M54.00S,45,51,49,54,39.525,51.893,43.525,55.986,2010-10-29,0,1,1,1
21000021,14,1610612755,1610612737,1882,2738,2804,201150,202323,2694,1710,2207,101107,201143,336,3,11,3.98,8.887,1266,1602,2,PT02M54.00S,3,PT09M18.00S,49,54,52,65,43.525,55.986,47.505,64.873,2010-10-29,0,1,1,1
21000021,15,1610612755,1610612737,1499,1882,2738,2804,202323,2694,1710,2207,101107,201143,175,4,2,4.0,2.0,1706,1881,3,PT07M34.00S,3,PT04M39.00S,56,68,60,70,51.505,68.919,55.505,70.919,2010-10-29,0,1,1,1
21000021,16,1610612755,1610612737,1499,2738,2804,101150,202323,2694,1710,2207,101107,201143,66,4,2,4.0,2.0,1881,1947,3,PT04M39.00S,3,PT03M33.00S,60,70,64,72,55.505,70.919,59.505,72.919,2010-10-29,0,1,1,1
21000021,17,1610612755,1610612737,1499,2738,2804,101150,202323,1710,2207,2694,201143,201952,13,1,0,1.0,0.0,1947,1960,3,PT03M33.00S,3,PT03M20.00S,64,72,65,72,59.505,72.919,60.505,72.919,2010-10-29,0,1,1,1
21000021,18,1610612755,1610612737,1499,2738,2804,101150,202323,1710,2207,2585,2694,201952,49,0,6,0.0,2.62,1960,2009,3,PT03M20.00S,3,PT02M31.00S,65,72,65,78,60.505,72.919,60.505,75.539,2010-10-29,0,1,1,1
21000021,19,1610612755,1610612737,1499,2738,101150,201152,202323,1710,2585,2694,101107,201952,52,0,2,0.0,2.0,2009,2061,3,PT02M31.00S,3,PT01M39.00S,65,78,65,80,60.505,75.539,60.505,77.539,2010-10-29,0,1,1,1
21000021,20,1610612755,1610612737,1499,2738,101150,201152,202323,1710,2585,2694,101107,201952,167,11,4,9.278,4.0,2061,2228,3,PT01M39.00S,4,PT10M52.00S,65,80,76,84,60.505,77.539,69.782,81.539,2010-10-29,0,1,1,1
21000021,21,1610612755,1610612737,1499,2738,101150,201152,202323,201952,1710,2585,2694,101107,46,1,3,1.0,3.0,2228,2274,4,PT10M52.00S,4,PT10M06.00S,76,84,77,87,69.782,81.539,70.782,84.539,2010-10-29,0,1,1,1
21000021,22,1610612755,1610612737,1882,2738,101150,201152,202323,201952,1710,2585,2694,101107,70,1,4,1.0,5.062,2274,2344,4,PT10M06.00S,4,PT08M56.00S,77,87,78,91,70.782,84.539,71.782,89.602,2010-10-29,0,1,1,1
21000021,23,1610612755,1610612737,1882,2738,101150,201950,202323,1710,2207,2746,101107,201143,6,2,1,2.0,1.0,2868,2874,4,PT00M11.70S,4,PT00M05.70S,99,102,101,103,92.493,102.115,94.493,103.115,2010-10-29,0,1,1,1
21000021,24,1610612755,1610612737,2738,2804,101150,201950,202323,2746,1710,2207,101107,201143,2,0,0,0.0,0.0,2874,2876,4,PT00M05.70S,4,PT00M04.50S,101,103,101,103,94.493,103.115,94.493,103.115,2010-10-29,0,1,1,1
21000021,25,1610612755,1610612737,1882,2574,2738,2804,101150,1710,2207,2746,101107,201143,4,0,0,1.044,0.0,2876,2880,4,PT00M04.50S,4,PT00M00.00S,101,104,101,104,94.493,104.115,95.538,104.115,2010-10-29,0,1,1,1
21000022,0,1610612761,1610612739,2501,101127,101132,200745,201942,1712,200081,200797,201196,201581,362,0,0,-1.848,0.0,0,362,1,PT12M00.00S,1,PT05M58.00S,0,0,0,0,0.0,0.0,-1.848,0.0,2010-10-29,0,0,1,1
21000022,1,1610612761,1610612739,2431,2556,201153,201603,201942,1515,101121,200081,200789,202396,153,101,81,99.381,81.0,2727,2880,4,PT02M33.00S,4,PT00M00.00S,0,0,101,81,3.991,-4.692,103.372,76.308,2010-10-29,0,0,1,1
21000023,0,1610612738,1610612752,406,708,951,1718,200765,2405,101109,201163,201568,202389,145,0,0,0.0,-1.718,0,145,1,PT12M00.00S,1,PT09M35.00S,0,0,0,0,0.0,0.0,0.0,-1.718,2010-10-29,0,0,1,1
21000023,1,1610612738,1610612752,1718,2605,101126,200765,201175,101109,101142,201163,201611,201962,111,0,0,0.0,1.009,565,676,1,PT02M35.00S,1,PT00M44.10S,0,0,0,0,-1.641,0.494,-1.641,1.503,2010-10-29,0,0,1,1
21000023,2,1610612738,1610612752,2605,101126,101144,200765,201175,2427,101142,201163,201611,201962,26,-26,-20,-26.0,-20.0,676,702,1,PT00M44.10S,1,PT00M17.70S,26,20,0,0,24.359,21.503,-1.641,1.503,2010-10-29,0,0,1,1
21000023,3,1610612738,1610612752,951,1718,101126,101144,200765,2427,101142,201163,201611,201962,130,0,0,2.067,-0.708,702,832,1,PT00M17.70S,2,PT10M08.00S,0,0,0,0,-1.641,1.503,0.426,0.795,2010-10-29,0,0,1,1
21000023,4,1610612738,1610612752,708,951,1718,101126,200765,2427,101142,201163,201611,201962,55,33,31,34.051,31.0,909,964,2,PT08M51.00S,2,PT07M56.00S,0,0,33,31,0.426,0.795,34.477,31.795,2010-10-29,0,0,1,1
21000023,5,1610612738,1610612752,406,708,951,1718,101126,2427,101142,201163,201611,201962,40,-33,-31,-31.864,-30.068,964,1004,2,PT07M56.00S,2,PT07M16.00S,33,31,0,0,34.477,31.795,2.613,1.727,2010-10-29,0,0,1,1
21000023,6,1610612738,1610612752,406,708,951,1718,101126,2405,2427,101142,201163,201962,61,0,0,-0.0,-1.821,1004,1065,2,PT07M16.00S,2,PT06M15.00S,0,0,0,0,2.613,1.727,2.613,-0.094,2010-10-29,0,0,1,1
21000023,7,1610612738,1610612752,406,708,951,1718,101126,2405,101109,101142,201568,202361,59,0,0,0.0,0.0,1065,1124,2,PT06M15.00S,2,PT05M16.00S,0,0,0,0,2.613,-0.094,2.613,-0.094,2010-10-29,0,0,1,1
21000023,8,1610612738,1610612752,406,708,951,1718,200765,2405,101109,201568,202361,202389,253,0,0,0.561,2.194,1124,1377,2,PT05M16.00S,2,PT01M03.00S,0,0,0,0,2.613,-0.094,3.174,2.1,2010-10-29,0,0,1,1
21000023,9,1610612738,1610612752,708,951,1718,200765,201175,2405,101109,201568,202361,202389,256,0,0,-0.575,-0.561,1377,1633,2,PT01M03.00S,3,PT08M47.00S,0,0,0,0,3.174,2.1,2.599,1.539,2010-10-29,0,0,1,1
21000023,10,1610612738,1610612752,708,951,1718,200765,201175,2405,101109,101142,201163,202361,69,65,55,65.0,55.0,1633,1702,3,PT08M47.00S,3,PT07M38.00S,0,0,65,55,2.599,1.539,67.599,56.539,2010-10-29,0,0,1,1
21000023,11,1610612738,1610612752,708,951,1718,200765,201175,2405,101109,101142,201163,202361,100,-65,-55,-65.0,-56.484,1702,1802,3,PT07M38.00S,3,PT05M58.00S,65,55,0,0,67.599,56.539,2.599,0.055,2010-10-29,0,0,1,1
21000023,12,1610612738,1610612752,406,951,1718,200765,201175,2405,101109,101142,201163,202361,154,0,0,0.0,-0.736,1802,1956,3,PT05M58.00S,3,PT03M24.00S,0,0,0,0,2.599,0.055,2.599,-0.681,2010-10-29,0,0,1,1
21000023,13,1610612738,1610612752,1718,2605,101126,200765,201175,2405,101109,201163,201962,202361,134,0,0,0.0,0.962,1956,2090,3,PT03M24.00S,3,PT01M10.00S,0,0,0,0,2.599,-0.681,2.599,0.281,2010-10-29,0,0,1,1
21000023,14,1610612738,1610612752,1718,2605,101126,200765,201175,101142,201163,201611,201962,202361,290,0,0,-2.053,-0.889,2090,2380,3,PT01M10.00S,4,PT08M20.00S,0,0,0,0,2.599,0.281,0.546,-0.608,2010-10-29,0,0,1,1
21000023,15,1610612738,1610612752,708,1718,101126,200765,201175,2405,101109,101142,201611,201962,64,0,0,3.406,0.0,2380,2444,4,PT08M20.00S,4,PT07M16.00S,0,0,0,0,0.546,-0.608,3.952,-0.608,2010-10-29,0,0,1,1
21000024,0,1610612765,1610612760,1112,1888,2419,201155,201948,2420,200757,201142,201145,201566,489,0,0,1.007,2.107,0,489,1,PT12M00.00S,1,PT03M51.00S,0,0,0,0,0.0,0.0,1.007,2.107,2010-10-29,0,0,1,1
21000024,1,1610612765,1610612760,1112,1888,2419,101111,201155,2420,200757,201142,201145,201566,78,0,0,0.0,1.093,489,567,1,PT03M51.00S,1,PT02M33.00S,0,0,0,0,1.007,2.107,1.007,3.2,2010-10-29,0,0,1,1
21000024,2,1610612765,1610612760,1112,1503,1888,101111,201155,201142,201145,201566,201586,201935,103,19,25,17.362,26.093,567,670,1,PT02M33.00S,1,PT00M50.10S,0,0,19,25,1.007,3.2,18.368,29.293,2010-10-29,0,0,1,1
21000024,3,1610612765,1610612760,1112,1503,1888,101111,201155,201142,201161,201566,201586,201935,195,-19,-25,-19.0,-21.708,670,865,1,PT00M50.10S,2,PT09M35.00S,19,25,0,0,18.368,29.293,-0.632,7.585,2010-10-29,0,0,1,1
21000024,4,1610612765,1610612760,1112,1503,1888,101111,201155,201145,201161,201566,201586,201935,63,0,0,-1.666,-0.0,865,928,2,PT09M35.00S,2,PT08M32.00S,0,0,0,0,-0.632,7.585,-2.298,7.585,2010-10-29,0,0,1,1
21000024,5,1610612765,1610612760,1112,2732,101111,201155,201948,200757,201142,201145,201566,201586,147,0,0,-1.7,-3.164,1739,1886,3,PT07M01.00S,3,PT04M34.00S,0,0,0,0,-6.199,9.391,-7.9,6.227,2010-10-29,0,0,1,1
21000024,6,1610612765,1610612760,1112,2732,101111,201155,201948,201142,201145,201566,201586,201935,65,0,0,0.0,0.0,1886,1951,3,PT04M34.00S,3,PT03M29.00S,0,0,0,0,-7.9,6.227,-7.9,6.227,2010-10-29,0,0,1,1
21000025,0,1610612748,1610612753,2306,2544,2547,2548,201202,1713,1740,2047,2730,2749,302,0,0,-2.275,3.227,0,302,1,PT12M00.00S,1,PT06M58.00S,0,0,0,0,0.0,0.0,-2.275,3.227,2010-10-29,0,0,1,1
21000025,1,1610612748,1610612753,980,2306,2544,2547,2548,1713,1740,2047,2730,2749,82,15,8,13.151,8.0,302,384,1,PT06M58.00S,1,PT05M36.00S,0,0,15,8,-2.275,3.227,10.877,11.227,2010-10-29,0,0,1,1
21000025,2,1610612748,1610612753,980,2306,2544,2547,2548,2047,2730,2749,101138,200755,90,-15,-8,-15.0,-8.0,384,474,1,PT05M36.00S,1,PT04M06.00S,15,8,0,0,10.877,11.227,-4.123,3.227,2010-10-29,0,0,1,1
21000025,3,1610612748,1610612753,980,2067,2544,2547,2548,2047,2730,2749,101138,200755,43,0,0,-0.0,0.0,474,517,1,PT04M06.00S,1,PT03M23.00S,0,0,0,0,-4.123,3.227,-4.123,3.227,2010-10-29,0,0,1,1
21000025,4,1610612748,1610612753,980,2067,2544,2548,2617,2047,2730,2749,101138,200755,129,0,0,0.0,-1.67,517,646,1,PT03M23.00S,1,PT01M14.00S,0,0,0,0,-4.123,3.227,-4.123,1.557,2010-10-29,0,0,1,1
21000025,5,1610612748,1610612753,2048,2067,2544,2592,2617,2554,2730,2768,101138,200755,162,0,0,1.166,-2.928,646,808,1,PT01M14.00S,2,PT10M32.00S,0,0,0,0,-4.123,1.557,-2.957,-1.37,2010-10-29,0,0,1,1
21000025,6,1610612748,1610612753,2067,2544,2547,2592,2617,2554,2730,2768,101138,200755,26,0,0,-1.488,0.0,808,834,2,PT10M32.00S,2,PT10M06.00S,0,0,0,0,-2.957,-1.37,-4.445,-1.37,2010-10-29,0,0,1,1
21000025,7,1610612748,1610612753,2067,2544,2547,2592,2617,1713,2554,2730,2768,101138,25,0,0,0.0,0.997,834,859,2,PT10M06.00S,2,PT09M41.00S,0,0,0,0,-4.445,-1.37,-4.445,-0.373,2010-10-29,0,0,1,1
21000025,8,1610612748,1610612753,2067,2306,2547,2592,2617,1713,2554,2730,2768,101138,16,30,32,30.0,32.0,859,875,2,PT09M41.00S,2,PT09M25.00S,0,0,30,32,-4.445,-0.373,25.555,31.627,2010-10-29,0,0,1,1
21000025,9,1610612748,1610612753,2067,2306,2547,2592,2617,1713,1740,2554,2730,2768,54,-30,-32,-30.0,-32.0,875,929,2,PT09M25.00S,2,PT08M31.00S,30,32,0,0,25.555,31.627,-4.445,-0.373,2010-10-29,0,0,1,1
21000025,10,1610612748,1610612753,2306,2547,2548,2592,2617,1713,1740,2554,2730,2768,148,0,0,-0.359,-0.0,929,1077,2,PT08M31.00S,2,PT06M03.00S,0,0,0,0,-4.445,-0.373,-4.804,-0.373,2010-10-29,0,0,1,1
21000025,11,1610612748,1610612753,980,2306,2547,2548,2592,1740,2554,2730,2768,200755,15,0,0,0.0,0.0,1077,1092,2,PT06M03.00S,2,PT05M48.00S,0,0,0,0,-4.804,-0.373,-4.804,-0.373,2010-10-29,0,0,1,1
21000025,12,1610612748,1610612753,980,2306,2547,2548,2592,1740,2554,2730,2749,200755,80,0,0,0.0,-1.542,1092,1172,2,PT05M48.00S,2,PT04M28.00S,0,0,0,0,-4.804,-0.373,-4.804,-1.915,2010-10-29,0,0,1,1
21000025,13,1610612748,1610612753,980,2306,2544,2547,2548,1740,2554,2730,2749,200755,35,0,0,0.0,1.037,1172,1207,2,PT04M28.00S,2,PT03M53.00S,0,0,0,0,-4.804,-1.915,-4.804,-0.878,2010-10-29,0,0,1,1
21000025,14,1610612748,1610612753,980,2306,2544,2547,2548,2554,2730,2749,101138,200755,23,0,0,0.0,-0.0,1207,1230,2,PT03M53.00S,2,PT03M30.00S,0,0,0,0,-4.804,-0.878,-4.804,-0.878,2010-10-29,0,0,1,1
21000025,15,1610612748,1610612753,980,2306,2544,2547,2548,2047,2554,2730,2749,101138,78,0,0,0.0,1.001,1230,1308,2,PT03M30.00S,2,PT02M12.00S,0,0,0,0,-4.804,-0.878,-4.804,0.123,2010-10-29,0,0,1,1
21000025,16,1610612748,1610612753,980,2306,2544,2548,2617,2047,2554,2730,2749,101138,6,0,0,0.0,0.0,1308,1314,2,PT02M12.00S,2,PT02M06.00S,0,0,0,0,-4.804,0.123,-4.804,0.123,2010-10-29,0,0,1,1
21000025,17,1610612748,1610612753,2048,2306,2544,2548,2617,2047,2554,2730,2749,101138,35,0,0,0.0,0.0,1314,1349,2,PT02M06.00S,2,PT01M31.00S,0,0,0,0,-4.804,0.123,-4.804,0.123,2010-10-29,0,0,1,1
21000025,18,1610612748,1610612753,2048,2544,2548,2592,2617,2047,2554,2730,2749,101138,49,0,0,-1.875,0.0,1349,1398,2,PT01M31.00S,2,PT00M42.30S,0,0,0,0,-4.804,0.123,-6.679,0.123,2010-10-29,0,0,1,1
21000025,19,1610612748,1610612753,2048,2306,2544,2592,2617,2047,2554,2768,101138,101162,10,0,0,0.0,0.0,1398,1408,2,PT00M42.30S,2,PT00M32.50S,0,0,0,0,-6.679,0.123,-6.679,0.123,2010-10-29,0,0,1,1
21000025,20,1610612748,1610612753,2048,2544,2548,2592,2617,2047,2554,2768,101138,101162,15,0,0,0.0,0.0,1408,1423,2,PT00M32.50S,2,PT00M17.10S,0,0,0,0,-6.679,0.123,-6.679,0.123,2010-10-29,0,0,1,1
21000025,21,1610612748,1610612753,2048,2306,2544,2592,2617,2047,2554,2749,101162,201583,207,0,0,-6.457,2.075,1423,1630,2,PT00M17.10S,3,PT08M50.00S,0,0,0,0,-6.679,0.123,-13.137,2.198,2010-10-29,0,0,1,1
21000025,22,1610612748,1610612753,2048,2067,2548,2592,2617,2554,2768,101138,200755,201583,224,0,0,-1.488,2.112,2061,2285,3,PT01M39.00S,4,PT09M55.00S,0,0,0,0,-10.009,8.625,-11.498,10.737,2010-10-29,0,0,1,1
21000025,23,1610612748,1610612753,2048,2067,2548,2592,2617,1740,2768,101138,200755,201583,141,0,0,2.149,-0.531,2285,2426,4,PT09M55.00S,4,PT07M34.00S,0,0,0,0,-11.498,10.737,-9.349,10.206,2010-10-29,0,0,1,1
21000025,24,1610612748,1610612753,2048,2067,2544,2547,2592,1740,2768,101138,200755,201583,67,0,0,0.0,0.0,2426,2493,4,PT07M34.00S,4,PT06M27.00S,0,0,0,0,-9.349,10.206,-9.349,10.206,2010-10-29,0,0,1,1
21000026,0,1610612750,1610612749,2545,2557,201563,201567,201961,2400,2422,2568,101106,201943,177,0,0,0.0,2.044,0,177,1,PT12M00.00S,1,PT09M03.00S,0,0,0,0,0.0,0.0,0.0,2.044,2010-10-29,0,0,1,1
21000026,1,1610612750,1610612749,2545,2557,201229,201563,201961,2400,2422,2568,101106,201943,150,0,0,0.599,0.0,177,327,1,PT09M03.00S,1,PT06M33.00S,0,0,0,0,0.0,2.044,0.599,2.044,2010-10-29,0,0,1,1
21000026,2,1610612750,1610612749,2545,2742,201229,201563,202325,2400,2422,2568,101106,201943,43,0,0,0.0,0.0,327,370,1,PT06M33.00S,1,PT05M50.00S,0,0,0,0,0.599,2.044,0.599,2.044,2010-10-29,0,0,1,1
21000026,3,1610612750,1610612749,2545,2742,201229,201563,202325,1894,2400,2568,101106,201943,15,0,0,0.0,0.0,370,385,1,PT05M50.00S,1,PT05M35.00S,0,0,0,0,0.599,2.044,0.599,2.044,2010-10-29,0,0,1,1
21000026,4,1610612750,1610612749,2545,2742,201229,201563,202325,1894,2568,101106,101141,201943,37,0,0,0.0,0.0,385,422,1,PT05M35.00S,1,PT04M58.00S,0,0,0,0,0.599,2.044,0.599,2.044,2010-10-29,0,0,1,1
21000026,5,1610612750,1610612749,2742,201147,201563,201593,202325,1894,2568,101141,201943,201972,108,0,0,-0.861,0.0,422,530,1,PT04M58.00S,1,PT03M10.00S,0,0,0,0,0.599,2.044,-0.261,2.044,2010-10-29,0,0,1,1
21000026,6,1610612750,1610612749,2742,201147,201567,201593,202325,1894,2568,101141,201943,201972,40,19,24,19.0,25.022,530,570,1,PT03M10.00S,1,PT02M30.00S,0,0,19,24,-0.261,2.044,18.739,27.067,2010-10-29,0,0,1,1
21000026,7,1610612750,1610612749,2742,201147,201567,201593,202325,1894,2422,101141,201943,201972,29,2,0,2.0,0.0,570,599,1,PT02M30.00S,1,PT02M01.00S,19,24,21,24,18.739,27.067,20.739,27.067,2010-10-29,0,0,1,1
21000026,8,1610612750,1610612749,2742,201147,201567,201593,202325,1894,2039,2400,2422,101141,13,0,1,0.0,1.0,599,612,1,PT02M01.00S,1,PT01M48.00S,21,24,21,25,20.739,27.067,20.739,28.067,2010-10-29,0,0,1,1
21000026,9,1610612750,1610612749,2742,201147,201567,201585,202325,1894,2039,2400,2422,101141,63,3,3,3.159,3.0,612,675,1,PT01M48.00S,1,PT00M45.00S,21,25,24,28,20.739,28.067,23.897,31.067,2010-10-29,0,0,1,1
21000026,10,1610612750,1610612749,2742,201147,201567,201585,202325,1894,2039,2400,2422,202336,141,-24,-28,-21.979,-28.0,675,816,1,PT00M45.00S,2,PT10M24.00S,24,28,0,0,23.897,31.067,1.918,3.067,2010-10-29,0,0,1,1
21000026,11,1610612750,1610612749,2742,201147,201567,201585,202325,1894,2039,2422,201972,202336,20,0,0,0.0,1.124,816,836,2,PT10M24.00S,2,PT10M04.00S,0,0,0,0,1.918,3.067,1.918,4.191,2010-10-29,0,0,1,1
21000026,12,1610612750,1610612749,2742,201147,201567,201585,202325,1894,2039,2422,201972,202336,66,0,0,0.0,-0.0,836,902,2,PT10M04.00S,2,PT08M58.00S,0,0,0,0,1.918,4.191,1.918,4.191,2010-10-29,0,0,1,1
21000026,13,1610612750,1610612749,2557,201147,201229,201585,201961,1894,2039,2422,201972,202336,94,0,0,0.937,0.0,902,996,2,PT08M58.00S,2,PT07M24.00S,0,0,0,0,1.918,4.191,2.854,4.191,2010-10-29,0,0,1,1
21000026,14,1610612750,1610612749,2557,201229,201563,201585,201961,1894,2422,201943,201972,202336,95,0,0,-0.0,0.0,1007,1102,2,PT07M13.00S,2,PT05M38.00S,0,0,0,0,2.854,4.191,2.854,4.191,2010-10-29,0,0,1,1
21000026,15,1610612750,1610612749,2557,201229,201563,201585,202325,1894,2568,201943,201972,202336,57,0,0,0.978,0.0,1102,1159,2,PT05M38.00S,2,PT04M41.00S,0,0,0,0,2.854,4.191,3.832,4.191,2010-10-29,0,0,1,1
21000026,16,1610612750,1610612749,2557,201229,201563,201567,202325,1894,2568,201943,201972,202336,14,0,0,0.0,0.0,1159,1173,2,PT04M41.00S,2,PT04M27.00S,0,0,0,0,3.832,4.191,3.832,4.191,2010-10-29,0,0,1,1
21000026,17,1610612750,1610612749,2557,201229,201563,201567,202325,1894,2400,2568,201943,202336,70,44,42,44.0,42.0,1173,1243,2,PT04M27.00S,2,PT03M17.00S,0,0,44,42,3.832,4.191,47.832,46.191,2010-10-29,0,0,1,1
21000026,18,1610612750,1610612749,2557,201147,201563,201567,202325,1894,2400,2568,201943,202336,59,-44,-42,-44.0,-42.0,1243,1302,2,PT03M17.00S,2,PT02M18.00S,44,42,0,0,47.832,46.191,3.832,4.191,2010-10-29,0,0,1,1
21000026,19,1610612750,1610612749,2557,201147,201563,201567,201961,1894,2568,101141,201943,202336,16,47,42,47.0,42.0,1302,1318,2,PT02M18.00S,2,PT02M02.00S,0,0,47,42,3.832,4.191,50.832,46.191,2010-10-29,0,0,1,1
21000026,20,1610612750,1610612749,2545,2557,201147,201563,201961,1894,2568,101141,201943,202336,3,0,1,0.0,1.0,1318,1321,2,PT02M02.00S,2,PT01M59.00S,47,42,47,43,50.832,46.191,50.832,47.191,2010-10-29,0,0,1,1
21000026,21,1610612750,1610612749,2557,201147,201229,201563,201961,1894,2568,101141,201943,202336,62,7,3,5.435,4.074,1321,1383,2,PT01M59.00S,2,PT00M57.20S,47,43,54,46,50.832,47.191,56.267,51.265,2010-10-29,0,0,1,1
21000026,22,1610612750,1610612749,2557,201147,201229,201563,201961,1894,2568,201601,201943,202336,54,-54,-46,-54.0,-46.0,1383,1437,2,PT00M57.20S,2,PT00M03.40S,54,46,0,0,56.267,51.265,2.267,5.265,2010-10-29,0,0,1,1
21000026,23,1610612750,1610612749,2557,201147,201563,201585,201961,1894,2568,201601,201943,202336,228,0,0,0.0,4.011,1437,1665,2,PT00M03.40S,3,PT08M15.00S,0,0,0,0,2.267,5.265,2.267,9.276,2010-10-29,0,0,1,1
21000027,0,1610612740,1610612743,2561,2731,2772,101108,201158,1497,2403,2546,200749,201167,434,0,0,-1.53,-0.845,0,434,1,PT12M00.00S,1,PT04M46.00S,0,0,0,0,0.0,0.0,-1.53,-0.845,2010-10-29,0,0,1,1
21000027,1,1610612740,1610612743,2561,2584,2731,2772,101108,1497,1733,2403,2546,201951,73,-17,-18,-15.868,-18.0,434,507,1,PT04M46.00S,1,PT03M33.00S,17,18,0,0,15.47,17.155,-0.398,-0.845,2010-10-29,0,0,1,1
21000027,2,1610612740,1610612743,978,2561,2584,101108,200822,1497,1733,2403,2546,201951,95,0,0,1.122,0.0,507,602,1,PT03M33.00S,1,PT01M58.00S,0,0,0,0,-0.398,-0.845,0.725,-0.845,2010-10-29,0,0,1,1
21000027,3,1610612740,1610612743,978,2561,2584,200822,201573,1497,1733,2403,2546,201951,87,0,0,1.122,0.0,602,689,1,PT01M58.00S,1,PT00M30.90S,0,0,0,0,0.725,-0.845,1.847,-0.845,2010-10-29,0,0,1,1
21000027,4,1610612740,1610612743,978,2584,200822,201160,201573,1733,2408,2546,2747,201951,135,0,0,1.131,0.0,689,824,1,PT00M30.90S,2,PT10M16.00S,0,0,0,0,1.847,-0.845,2.977,-0.845,2010-10-29,0,0,1,1
21000027,5,1610612740,1610612743,978,2584,201160,201573,201977,1733,2408,2546,2747,201951,8,0,0,0.0,0.0,824,832,2,PT10M16.00S,2,PT10M08.00S,0,0,0,0,2.977,-0.845,2.977,-0.845,2010-10-29,0,0,1,1
21000027,6,1610612740,1610612743,978,2584,201160,201573,201977,1733,2408,2747,201167,201951,55,0,0,0.0,0.0,832,887,2,PT10M08.00S,2,PT09M13.00S,0,0,0,0,2.977,-0.845,2.977,-0.845,2010-10-29,0,0,1,1
21000027,7,1610612740,1610612743,978,2584,2788,201573,201977,1733,2408,2747,201167,201951,129,0,0,-4.839,0.989,887,1016,2,PT09M13.00S,2,PT07M04.00S,0,0,0,0,2.977,-0.845,-1.862,0.145,2010-10-29,0,0,1,1
21000027,8,1610612740,1610612743,978,2788,101108,201573,201977,1733,2403,2747,201167,201951,53,0,0,-1.677,0.0,1016,1069,2,PT07M04.00S,2,PT06M11.00S,0,0,0,0,-1.862,0.145,-3.539,0.145,2010-10-29,0,0,1,1
21000027,9,1610612740,1610612743,978,2561,101108,201573,201977,1497,1733,2403,2747,201167,75,0,0,0.0,0.0,1069,1144,2,PT06M11.00S,2,PT04M56.00S,0,0,0,0,-3.539,0.145,-3.539,0.145,2010-10-29,0,0,1,1
21000027,10,1610612740,1610612743,2561,2731,101108,201573,201977,1497,2403,2546,2747,201167,82,0,0,0.0,1.079,1144,1226,2,PT04M56.00S,2,PT03M34.00S,0,0,0,0,-3.539,0.145,-3.539,1.224,2010-10-29,0,0,1,1
21000027,11,1610612740,1610612743,2561,2731,2772,101108,201977,1497,2403,2546,2747,201167,143,57,47,58.135,47.0,1226,1369,2,PT03M34.00S,2,PT01M11.00S,0,0,57,47,-3.539,1.224,54.596,48.224,2010-10-29,0,0,1,1
21000027,12,1610612740,1610612743,2561,2772,101108,200822,201977,1497,2403,2546,2747,201167,17,-57,-47,-55.909,-47.0,1369,1386,2,PT01M11.00S,2,PT00M53.90S,57,47,0,0,54.596,48.224,-1.313,1.224,2010-10-29,0,0,1,1
21000027,13,1610612740,1610612743,2561,101108,200822,201158,201977,1497,2403,2546,2747,201167,471,0,0,2.185,1.22,1386,1857,2,PT00M53.90S,3,PT05M03.00S,0,0,0,0,-1.313,1.224,0.871,2.443,2010-10-29,0,0,1,1
21000027,14,1610612740,1610612743,2561,101108,200822,201160,201977,1497,1733,2403,2546,2747,108,0,0,0.0,-1.639,2000,2108,3,PT02M40.00S,3,PT00M51.80S,0,0,0,0,0.871,1.946,0.871,0.306,2010-10-29,0,0,1,1
21000027,15,1610612740,1610612743,2788,200822,201160,201573,201977,1497,1733,2546,2747,201951,145,0,0,0.0,2.052,2108,2253,3,PT00M51.80S,4,PT10M27.00S,0,0,0,0,0.871,0.306,0.871,2.358,2010-10-29,0,1,1,1
21000027,16,1610612740,1610612743,978,2731,200822,201573,201977,1497,1733,2546,2747,201951,96,0,0,0.0,1.067,2253,2349,4,PT10M27.00S,4,PT08M51.00S,0,0,0,0,0.871,2.358,0.871,3.426,2010-10-29,0,1,1,1
21000028,0,1610612742,1610612763,467,1717,1891,2199,2406,200752,201144,201188,201564,201589,329,0,0,-0.723,0.0,0,329,1,PT12M00.00S,1,PT06M31.00S,0,0,0,0,0.0,0.0,-0.723,0.0,2010-10-29,0,0,1,1
21000028,1,1610612742,1610612763,467,1717,1891,2199,2406,200752,201144,201188,201564,201970,54,0,0,0.0,0.0,329,383,1,PT06M31.00S,1,PT05M37.00S,0,0,0,0,-0.723,0.0,-0.723,0.0,2010-10-29,0,0,1,1
21000028,2,1610612742,1610612763,467,1717,2199,2406,202346,200752,201144,201188,201564,201970,53,0,0,0.0,0.0,383,436,1,PT05M37.00S,1,PT04M44.00S,0,0,0,0,-0.723,0.0,-0.723,0.0,2010-10-29,0,0,1,1
21000028,3,1610612742,1610612763,467,1717,1890,2199,202346,200752,201144,201564,201934,201970,73,0,0,-1.637,0.0,436,509,1,PT04M44.00S,1,PT03M31.00S,0,0,0,0,-0.723,0.0,-2.36,0.0,2010-10-29,0,0,1,1
21000028,4,1610612742,1610612763,467,1717,1890,2217,202346,200752,201144,201934,201970,202333,12,0,0,0.0,0.0,509,521,1,PT03M31.00S,1,PT03M19.00S,0,0,0,0,-2.36,0.0,-2.36,0.0,2010-10-29,0,0,1,1
21000028,5,1610612742,1610612763,1717,1890,2217,200826,202346,200752,201144,201934,201970,202333,87,0,0,0.0,0.0,521,608,1,PT03M19.00S,1,PT01M52.00S,0,0,0,0,-2.36,0.0,-2.36,0.0,2010-10-29,0,0,1,1
21000028,6,1610612742,1610612763,1890,2217,2406,200826,202346,200752,201144,201934,201970,202333,74,27,24,27.0,24.0,608,682,1,PT01M52.00S,1,PT00M37.50S,0,0,27,24,-2.36,0.0,24.64,24.0,2010-10-29,0,0,1,1
21000028,7,1610612742,1610612763,1890,2217,2406,200826,202346,200752,201151,201934,201970,202333,176,-27,-24,-27.0,-22.045,682,858,1,PT00M37.50S,2,PT09M42.00S,27,24,0,0,24.64,24.0,-2.36,1.955,2010-10-29,0,0,1,1
21000028,8,1610612742,1610612763,1890,2217,2406,200826,202346,201151,201564,201589,201934,201970,101,0,0,0.0,-1.63,858,959,2,PT09M42.00S,2,PT08M01.00S,0,0,0,0,-2.36,1.955,-2.36,0.325,2010-10-29,0,0,1,1
