game_id,stint_index,home_id,away_id,home_p1,home_p2,home_p3,home_p4,home_p5,away_p1,away_p2,away_p3,away_p4,away_p5,seconds,home_pts,away_pts,home_pts_adj,away_pts_adj,start_elapsed,end_elapsed,start_period,start_clock,end_period,end_clock,start_home_score,start_away_score,end_home_score,end_away_score,start_home_score_adj,start_away_score_adj,end_home_score_adj,end_away_score_adj,date,home_inferred_count,away_inferred_count,home_lineup_complete,away_lineup_complete
20300001,0,1610612755,1610612748,727,934,947,1903,2422,224,258,1885,2548,2617,384,0,0,-0.588,1.127,0,384,1,PT12M00.00S,1,PT05M36.00S,0,0,0,0,0.0,0.0,-0.588,1.127,2003-10-28,0,0,1,1
20300001,1,1610612755,1610612748,727,934,947,1903,2422,258,1747,1885,2548,2617,75,0,0,1.992,0.0,384,459,1,PT05M36.00S,1,PT04M21.00S,0,0,0,0,-0.588,1.127,1.404,1.127,2003-10-28,0,0,1,1
20300001,2,1610612755,1610612748,727,934,947,1903,2422,961,1747,2254,2548,2617,73,0,0,-0.0,0.0,459,532,1,PT04M21.00S,1,PT03M08.00S,0,0,0,0,1.404,1.127,1.404,1.127,2003-10-28,0,0,1,1
20300001,3,1610612755,1610612748,243,934,947,1903,2422,961,1747,2254,2548,2617,17,0,0,0.0,0.0,532,549,1,PT03M08.00S,1,PT02M51.00S,0,0,0,0,1.404,1.127,1.404,1.127,2003-10-28,0,0,1,1
20300001,4,1610612755,1610612748,243,934,947,1903,2422,224,961,1747,2254,2617,49,0,0,0.0,0.0,549,598,1,PT02M51.00S,1,PT02M02.00S,0,0,0,0,1.404,1.127,1.404,1.127,2003-10-28,0,0,1,1
20300001,5,1610612755,1610612748,243,947,1531,1903,2584,224,961,1747,2124,2254,191,-21,-14,-20.004,-15.855,598,789,1,PT02M02.00S,2,PT10M51.00S,21,14,0,0,22.404,15.127,2.4,-0.728,2003-10-28,0,0,1,1
20300001,6,1610612755,1610612748,243,947,1531,2223,2584,224,258,961,2124,2548,36,0,0,0.0,0.0,789,825,2,PT10M51.00S,2,PT10M15.00S,0,0,0,0,2.4,-0.728,2.4,-0.728,2003-10-28,0,0,1,1
20300001,7,1610612755,1610612748,243,727,947,1043,1531,224,258,961,2124,2548,143,0,0,0.0,0.0,825,968,2,PT10M15.00S,2,PT07M52.00S,0,0,0,0,2.4,-0.728,2.4,-0.728,2003-10-28,0,0,1,1
20300001,8,1610612755,1610612748,243,727,1043,1531,2422,224,258,961,2124,2548,48,0,0,-1.64,0.0,968,1016,2,PT07M52.00S,2,PT07M04.00S,0,0,0,0,2.4,-0.728,0.76,-0.728,2003-10-28,0,0,1,1
20300001,9,1610612755,1610612748,243,727,934,1531,2422,224,258,961,2124,2548,54,0,0,1.181,0.0,1016,1070,2,PT07M04.00S,2,PT06M10.00S,0,0,0,0,0.76,-0.728,1.941,-0.728,2003-10-28,0,0,1,1
20300001,10,1610612755,1610612748,243,727,934,1531,2422,224,258,961,2548,2617,17,0,0,0.0,1.045,1070,1087,2,PT06M10.00S,2,PT05M53.00S,0,0,0,0,1.941,-0.728,1.941,0.317,2003-10-28,0,0,1,1
20300001,11,1610612755,1610612748,727,934,947,1531,2422,224,258,961,2548,2617,41,0,0,0.0,-0.0,1087,1128,2,PT05M53.00S,2,PT05M12.00S,0,0,0,0,1.941,0.317,1.941,0.317,2003-10-28,0,0,1,1
20300001,12,1610612755,1610612748,727,934,947,1903,2422,224,258,1747,2548,2617,59,0,0,0.996,0.0,1128,1187,2,PT05M12.00S,2,PT04M13.00S,0,0,0,0,1.941,0.317,2.937,0.317,2003-10-28,0,0,1,1
20300001,13,1610612755,1610612748,727,934,947,1903,2422,258,961,1747,2548,2617,135,0,0,-0.0,0.0,1187,1322,2,PT04M13.00S,2,PT01M58.00S,0,0,0,0,2.937,0.317,2.937,0.317,2003-10-28,0,0,1,1
20300001,14,1610612755,1610612748,934,947,1903,2422,2594,224,258,1747,2548,2617,27,-43,-32,-41.797,-32.0,1322,1349,2,PT01M58.00S,2,PT01M31.00S,43,32,0,0,45.937,32.317,4.14,0.317,2003-10-28,0,0,1,1
20300001,15,1610612755,1610612748,934,947,1903,2422,2594,224,258,902,2548,2617,12,0,0,0.0,0.0,1349,1361,2,PT01M31.00S,2,PT01M19.00S,0,0,0,0,4.14,0.317,4.14,0.317,2003-10-28,0,0,1,1
20300001,16,1610612755,1610612748,727,934,947,1903,2594,224,258,902,2548,2617,57,0,0,1.984,0.0,1361,1418,2,PT01M19.00S,2,PT00M21.90S,0,0,0,0,4.14,0.317,6.124,0.317,2003-10-28,0,0,1,1
20300001,17,1610612755,1610612748,934,947,1903,2223,2422,224,902,2254,2548,2617,200,0,0,0.0,-0.83,1418,1618,2,PT00M21.90S,3,PT09M02.00S,0,0,0,0,6.124,0.317,6.124,-0.513,2003-10-28,0,0,1,1
20300002,0,1610612759,1610612756,1477,1495,1725,1853,1938,950,1890,2063,2207,2405,381,2,14,5.493,12.273,0,381,1,PT12M00.00S,1,PT05M39.00S,0,0,2,14,0.0,0.0,5.493,12.273,2003-10-28,0,0,1,1
20300002,1,1610612759,1610612756,990,1477,1495,1500,1938,950,1890,2063,2207,2405,69,-2,-14,-2.0,-14.0,381,450,1,PT05M39.00S,1,PT04M30.00S,2,14,0,0,5.493,12.273,3.493,-1.727,2003-10-28,0,0,1,1
20300002,2,1610612759,1610612756,990,1477,1495,1500,2045,950,1890,2063,2207,2405,10,0,0,0.0,0.0,450,460,1,PT04M30.00S,1,PT04M20.00S,0,0,0,0,3.493,-1.727,3.493,-1.727,2003-10-28,0,0,1,1
20300002,3,1610612759,1610612756,990,1477,1495,1500,2045,950,2063,2207,2405,2560,81,8,19,8.0,17.273,460,541,1,PT04M20.00S,1,PT02M59.00S,0,0,8,19,3.493,-1.727,11.493,15.545,2003-10-28,0,0,1,1
20300002,4,1610612759,1610612756,990,1495,1500,1853,2045,950,2063,2207,2405,2560,50,-8,-19,-8.0,-19.0,541,591,1,PT02M59.00S,1,PT02M09.00S,8,19,0,0,11.493,15.545,3.493,-3.455,2003-10-28,0,0,1,1
20300002,5,1610612759,1610612756,990,1495,1500,1853,2045,358,950,2063,2405,2560,64,0,0,0.0,0.0,591,655,1,PT02M09.00S,1,PT01M05.00S,0,0,0,0,3.493,-3.455,3.493,-3.455,2003-10-28,0,0,1,1
20300002,6,1610612759,1610612756,990,1495,1500,1853,2045,339,358,950,2405,2560,139,0,0,0.0,-1.795,655,794,1,PT01M05.00S,2,PT10M46.00S,0,0,0,0,3.493,-3.455,3.493,-5.25,2003-10-28,0,0,1,1
20300002,7,1610612759,1610612756,990,1500,1725,1853,2045,339,358,1510,1890,2405,84,0,0,0.0,0.0,794,878,2,PT10M46.00S,2,PT09M22.00S,0,0,0,0,3.493,-5.25,3.493,-5.25,2003-10-28,0,0,1,1
20300002,8,1610612759,1610612756,990,1725,1853,1938,2045,339,1510,1890,2207,2405,24,0,0,0.0,1.247,878,902,2,PT09M22.00S,2,PT08M58.00S,0,0,0,0,3.493,-5.25,3.493,-4.003,2003-10-28,0,0,1,1
20300002,9,1610612759,1610612756,990,1725,1853,1938,2045,339,1510,1890,2207,2560,110,0,0,-1.5,0.0,902,1012,2,PT08M58.00S,2,PT07M08.00S,0,0,0,0,3.493,-4.003,1.992,-4.003,2003-10-28,0,0,1,1
20300002,10,1610612759,1610612756,990,1725,1853,1938,2045,339,1510,1890,2207,2418,15,0,0,0.0,0.0,1012,1027,2,PT07M08.00S,2,PT06M53.00S,0,0,0,0,1.992,-4.003,1.992,-4.003,2003-10-28,0,0,1,1
20300002,11,1610612759,1610612756,109,990,1853,1938,2045,339,1510,1890,2207,2418,35,0,0,0.0,0.0,1027,1062,2,PT06M53.00S,2,PT06M18.00S,0,0,0,0,1.992,-4.003,1.992,-4.003,2003-10-28,0,0,1,1
20300002,12,1610612759,1610612756,109,990,1477,1853,1938,1510,1890,2063,2207,2418,18,0,0,0.0,0.0,1062,1080,2,PT06M18.00S,2,PT06M00.00S,0,0,0,0,1.992,-4.003,1.992,-4.003,2003-10-28,0,0,1,1
20300002,13,1610612759,1610612756,109,990,1477,1853,1938,950,1890,2063,2207,2418,43,0,0,1.209,0.0,1080,1123,2,PT06M00.00S,2,PT05M17.00S,0,0,0,0,1.992,-4.003,3.201,-4.003,2003-10-28,0,0,1,1
20300002,14,1610612759,1610612756,109,1477,1495,1853,1938,950,1890,2063,2207,2418,61,0,0,0.0,0.0,1123,1184,2,PT05M17.00S,2,PT04M16.00S,0,0,0,0,3.201,-4.003,3.201,-4.003,2003-10-28,0,0,1,1
20300002,15,1610612759,1610612756,109,1477,1495,1500,1853,950,1890,2063,2207,2418,36,0,0,-0.0,0.0,1184,1220,2,PT04M16.00S,2,PT03M40.00S,0,0,0,0,3.201,-4.003,3.201,-4.003,2003-10-28,0,0,1,1
20300002,16,1610612759,1610612756,109,1477,1495,1500,1853,950,2063,2207,2405,2418,120,0,0,0.0,1.247,1220,1340,2,PT03M40.00S,2,PT01M40.00S,0,0,0,0,3.201,-4.003,3.201,-2.756,2003-10-28,0,0,1,1
20300002,17,1610612759,1610612756,109,1477,1495,1500,1853,339,950,2063,2207,2418,90,37,42,37.821,42.0,1340,1430,2,PT01M40.00S,2,PT00M09.90S,0,0,37,42,3.201,-2.756,41.022,39.244,2003-10-28,0,0,1,1
20300002,18,1610612759,1610612756,109,1477,1495,1500,1853,339,950,2207,2418,2560,78,-37,-42,-37.0,-41.02,1430,1508,2,PT00M09.90S,3,PT10M52.00S,37,42,0,0,41.022,39.244,4.022,-1.776,2003-10-28,0,0,1,1
20300002,19,1610612759,1610612756,109,1477,1495,1500,1853,339,950,2207,2418,2560,75,0,0,0.0,0.0,1508,1583,3,PT10M52.00S,3,PT09M37.00S,0,0,0,0,4.022,-1.776,4.022,-1.776,2003-10-28,0,0,1,1
20300002,20,1610612759,1610612756,109,1477,1495,1853,1938,339,950,2207,2418,2560,80,0,0,0.0,0.0,1583,1663,3,PT09M37.00S,3,PT08M17.00S,0,0,0,0,4.022,-1.776,4.022,-1.776,2003-10-28,0,0,1,1
20300002,21,1610612759,1610612756,109,1477,1495,1853,1938,339,950,2207,2418,2560,89,0,0,0.0,0.0,1663,1752,3,PT08M17.00S,3,PT06M48.00S,0,0,0,0,4.022,-1.776,4.022,-1.776,2003-10-28,0,0,1,1
20300002,22,1610612759,1610612756,109,1477,1495,1853,1938,339,950,2207,2418,2560,16,0,0,0.0,0.0,2836,2852,4,PT00M43.80S,4,PT00M28.40S,0,0,0,0,8.418,-5.027,8.418,-5.027,2003-10-28,0,0,1,1
20300002,23,1610612759,1610612756,990,1477,1495,1853,1938,358,950,2207,2418,2560,28,83,82,83.0,82.0,2852,2880,4,PT00M28.40S,4,PT00M00.00S,0,0,83,82,8.418,-5.027,91.418,76.973,2003-10-28,0,0,1,1
20300003,0,1610612747,1610612742,56,252,406,965,1904,714,952,959,1504,1717,423,0,0,2.071,5.835,0,423,1,PT12M00.00S,1,PT04M57.00S,0,0,0,0,0.0,0.0,2.071,5.835,2003-10-28,0,0,1,1
20300003,1,1610612747,1610612742,56,252,406,935,965,714,952,959,1504,1717,80,0,0,-1.586,0.0,423,503,1,PT04M57.00S,1,PT03M37.00S,0,0,0,0,2.071,5.835,0.485,5.835,2003-10-28,0,0,1,1
20300003,2,1610612747,1610612742,56,252,406,935,965,714,959,1504,1712,1717,111,0,0,1.039,0.0,503,614,1,PT03M37.00S,1,PT01M46.00S,0,0,0,0,0.485,5.835,1.523,5.835,2003-10-28,0,0,1,1
20300003,3,1610612747,1610612742,56,252,406,935,965,696,714,1504,1712,1717,43,0,0,1.168,0.0,614,657,1,PT01M46.00S,1,PT01M03.00S,0,0,0,0,1.523,5.835,2.691,5.835,2003-10-28,0,0,1,1
20300003,4,1610612747,1610612742,56,252,270,935,965,696,952,959,1712,1717,58,29,15,29.0,15.0,657,715,1,PT01M03.00S,1,PT00M04.60S,0,0,29,15,2.691,5.835,31.691,20.835,2003-10-28,0,0,1,1
20300003,5,1610612747,1610612742,56,270,935,965,2575,696,952,959,1712,1717,130,-29,-15,-29.0,-14.024,715,845,1,PT00M04.60S,2,PT09M55.00S,29,15,0,0,31.691,20.835,2.691,6.811,2003-10-28,0,0,1,1
20300003,6,1610612747,1610612742,56,270,935,965,1904,696,952,959,1712,1717,73,0,0,-1.625,-1.689,845,918,2,PT09M55.00S,2,PT08M42.00S,0,0,0,0,2.691,6.811,1.066,5.122,2003-10-28,0,0,1,1
20300003,7,1610612747,1610612742,56,270,406,1904,2416,696,952,959,1712,1717,167,0,0,0.0,-0.417,918,1085,2,PT08M42.00S,2,PT05M55.00S,0,0,0,0,1.066,5.122,1.066,4.705,2003-10-28,0,0,1,1
20300003,8,1610612747,1610612742,56,252,406,935,965,952,960,1712,2059,2572,79,103,86,103.0,86.0,2560,2639,4,PT05M20.00S,4,PT04M01.00S,0,0,103,86,-1.423,7.352,101.577,93.352,2003-10-28,0,0,1,1
20300003,9,1610612747,1610612742,56,406,935,965,2575,762,952,960,2059,2572,22,-103,-86,-103.0,-86.0,2639,2661,4,PT04M01.00S,4,PT03M39.00S,103,86,0,0,101.577,93.352,-1.423,7.352,2003-10-28,0,0,1,1
20300003,10,1610612747,1610612742,406,935,965,2416,2575,762,952,960,2059,2572,13,104,88,104.0,88.0,2661,2674,4,PT03M39.00S,4,PT03M26.00S,0,0,104,88,-1.423,7.352,102.577,95.352,2003-10-28,0,0,1,1
20300004,0,1610612738,1610612748,452,1548,1718,2208,2229,224,258,1747,2548,2617,302,8,8,9.116,6.42,0,302,1,PT12M00.00S,1,PT06M58.00S,0,0,8,8,0.0,0.0,9.116,6.42,2003-10-29,0,0,1,1
20300004,1,1610612738,1610612748,452,1548,1718,2208,2229,224,258,961,1747,2617,13,-8,-8,-8.0,-8.0,302,315,1,PT06M58.00S,1,PT06M45.00S,8,8,0,0,9.116,6.42,1.116,-1.58,2003-10-29,0,0,1,1
20300004,2,1610612738,1610612748,452,677,1548,1718,2229,224,258,961,1747,2617,248,0,0,-0.0,1.025,315,563,1,PT06M45.00S,1,PT02M37.00S,0,0,0,0,1.116,-1.58,1.116,-0.555,2003-10-29,0,0,1,1
20300004,3,1610612738,1610612748,677,1499,1711,1718,2556,224,961,1747,2124,2254,78,0,0,0.0,-0.0,563,641,1,PT02M37.00S,1,PT01M19.00S,0,0,0,0,1.116,-0.555,1.116,-0.555,2003-10-29,0,0,1,1
20300004,4,1610612738,1610612748,677,962,1499,1711,2556,224,961,1747,2124,2254,234,0,0,0.0,1.044,641,875,1,PT01M19.00S,2,PT09M25.00S,0,0,0,0,1.116,-0.555,1.116,0.489,2003-10-29,0,0,1,1
20300004,5,1610612738,1610612748,452,677,962,1711,2556,224,902,955,961,2124,215,0,0,-1.763,0.0,2016,2231,3,PT02M24.00S,4,PT10M49.00S,0,0,0,0,5.539,0.198,3.776,0.198,2003-10-29,0,0,1,1
20300004,6,1610612738,1610612748,452,677,1711,1718,2556,224,902,955,961,2124,89,0,0,0.981,0.0,2231,2320,4,PT10M49.00S,4,PT09M20.00S,0,0,0,0,3.776,0.198,4.757,0.198,2003-10-29,0,0,1,1
20300004,7,1610612738,1610612748,452,677,1711,1718,2556,224,258,902,961,2124,7,0,0,0.0,0.0,2320,2327,4,PT09M20.00S,4,PT09M13.00S,0,0,0,0,4.757,0.198,4.757,0.198,2003-10-29,0,0,1,1
20300004,8,1610612738,1610612748,452,677,1711,2208,2556,224,258,961,1747,2124,31,0,0,-1.924,0.0,2574,2605,4,PT05M06.00S,4,PT04M35.00S,0,0,0,0,-0.092,1.325,-2.016,1.325,2003-10-29,0,0,1,1
20300004,9,1610612738,1610612748,452,677,1711,2208,2556,224,955,961,1747,2124,22,0,0,0.0,0.0,2605,2627,4,PT04M35.00S,4,PT04M13.00S,0,0,0,0,-2.016,1.325,-2.016,1.325,2003-10-29,0,0,1,1
20300004,10,1610612738,1610612748,452,677,1711,2208,2556,224,902,955,961,2124,53,95,68,95.0,68.0,2627,2680,4,PT04M13.00S,4,PT03M20.00S,0,0,95,68,-2.016,1.325,92.984,69.325,2003-10-29,0,0,1,1
20300004,11,1610612738,1610612748,452,1711,2208,2412,2556,224,902,955,961,2124,41,-95,-68,-95.0,-68.0,2680,2721,4,PT03M20.00S,4,PT02M39.00S,95,68,0,0,92.984,69.325,-2.016,1.325,2003-10-29,0,0,1,1
20300004,12,1610612738,1610612748,452,1711,2208,2412,2556,902,955,961,2602,2617,127,98,74,99.83,72.188,2721,2848,4,PT02M39.00S,4,PT00M32.00S,0,0,98,74,-2.016,1.325,97.814,73.514,2003-10-29,0,0,1,1
20300004,13,1610612738,1610612748,962,1711,2208,2412,2556,902,955,961,2602,2617,32,0,1,0.0,1.0,2848,2880,4,PT00M32.00S,4,PT00M00.00S,98,74,98,75,97.814,73.514,97.814,74.514,2003-10-29,0,0,1,1
20300005,0,1610612752,1610612753,87,275,369,703,1496,436,1503,1731,2400,2639,377,0,0,0.47,-1.036,0,377,1,PT12M00.00S,1,PT05M43.00S,0,0,0,0,0.0,0.0,0.47,-1.036,2003-10-29,0,0,1,1
20300005,1,1610612752,1610612753,87,275,369,703,1496,436,1503,1731,2051,2400,122,0,0,1.031,0.0,377,499,1,PT05M43.00S,1,PT03M41.00S,0,0,0,0,0.47,-1.036,1.501,-1.036,2003-10-29,0,0,1,1
20300005,2,1610612752,1610612753,87,275,369,703,1496,436,692,1503,1731,2051,51,0,0,0.0,0.0,499,550,1,PT03M41.00S,1,PT02M50.00S,0,0,0,0,1.501,-1.036,1.501,-1.036,2003-10-29,0,0,1,1
20300005,3,1610612752,1610612753,275,458,703,1496,1720,436,692,1503,1731,2051,73,0,0,0.0,0.0,550,623,1,PT02M50.00S,1,PT01M37.00S,0,0,0,0,1.501,-1.036,1.501,-1.036,2003-10-29,0,0,1,1
20300005,4,1610612752,1610612753,275,458,703,1496,1720,436,692,1742,1921,2051,14,0,0,0.0,0.0,623,637,1,PT01M37.00S,1,PT01M23.00S,0,0,0,0,1.501,-1.036,1.501,-1.036,2003-10-29,0,0,1,1
20300005,5,1610612752,1610612753,275,458,703,1000,1720,436,692,1742,1921,2051,193,0,0,2.009,1.056,637,830,1,PT01M23.00S,2,PT10M10.00S,0,0,0,0,1.501,-1.036,3.51,0.02,2003-10-29,0,0,1,1
20300005,6,1610612752,1610612753,275,458,703,1000,1720,436,692,1742,1921,2212,9,0,0,0.0,0.0,830,839,2,PT10M10.00S,2,PT10M01.00S,0,0,0,0,3.51,0.02,3.51,0.02,2003-10-29,0,0,1,1
20300005,7,1610612752,1610612753,275,458,703,1000,1720,436,692,1503,1742,2212,63,0,0,0.0,2.011,839,902,2,PT10M01.00S,2,PT08M58.00S,0,0,0,0,3.51,0.02,3.51,2.031,2003-10-29,0,0,1,1
20300005,8,1610612752,1610612753,275,458,703,1000,1720,436,692,1503,1742,1921,61,0,0,0.0,1.023,902,963,2,PT08M58.00S,2,PT07M57.00S,0,0,0,0,3.51,2.031,3.51,3.054,2003-10-29,0,0,1,1
20300005,9,1610612752,1610612753,275,458,703,1000,1720,436,692,1503,1742,1921,72,0,0,0.0,0.0,963,1035,2,PT07M57.00S,2,PT06M45.00S,0,0,0,0,3.51,3.054,3.51,3.054,2003-10-29,0,0,1,1
20300005,10,1610612752,1610612753,275,458,703,1000,1720,436,1503,1742,1921,2051,82,0,0,1.934,0.0,1035,1117,2,PT06M45.00S,2,PT05M23.00S,0,0,0,0,3.51,3.054,5.444,3.054,2003-10-29,0,0,1,1
20300005,11,1610612752,1610612753,275,369,703,1000,2552,436,1503,1731,1921,2051,35,27,21,27.0,22.056,1117,1152,2,PT05M23.00S,2,PT04M48.00S,0,0,27,21,5.444,3.054,32.444,25.11,2003-10-29,0,0,1,1
20300005,12,1610612752,1610612753,275,369,703,1000,2552,436,1503,1731,2051,2639,27,-27,-21,-27.0,-21.0,1152,1179,2,PT04M48.00S,2,PT04M21.00S,27,21,0,0,32.444,25.11,5.444,4.11,2003-10-29,0,0,1,1
20300005,13,1610612752,1610612753,275,369,703,1000,1496,436,1503,1731,2051,2639,129,0,0,0.0,0.0,1179,1308,2,PT04M21.00S,2,PT02M12.00S,0,0,0,0,5.444,4.11,5.444,4.11,2003-10-29,0,0,1,1
20300005,14,1610612752,1610612753,275,703,1000,1496,2421,436,1503,1731,2051,2639,39,0,0,0.0,0.0,1308,1347,2,PT02M12.00S,2,PT01M33.00S,0,0,0,0,5.444,4.11,5.444,4.11,2003-10-29,0,0,1,1
20300005,15,1610612752,1610612753,275,703,1000,1496,2421,436,1503,1731,2400,2639,82,0,0,0.0,0.0,1347,1429,2,PT01M33.00S,2,PT00M10.90S,0,0,0,0,5.444,4.11,5.444,4.11,2003-10-29,0,0,1,1
20300005,16,1610612752,1610612753,275,458,703,1000,2421,2639,436,1503,1731,2400,361,0,0,-1.584,-0.854,1429,1790,2,PT00M10.90S,3,PT06M10.00S,0,0,0,0,5.444,4.11,3.86,3.256,2003-10-29,0,1,1,1
20300006,0,1610612740,1610612737,133,136,248,1884,2048,689,949,1536,1891,1901,440,0,0,3.062,2.163,0,440,1,PT12M00.00S,1,PT04M40.00S,0,0,0,0,0.0,0.0,3.062,2.163,2003-10-29,0,0,1,1
20300006,1,1610612740,1610612737,133,136,248,399,1884,689,1737,1891,1901,2564,102,0,0,0.0,1.215,440,542,1,PT04M40.00S,1,PT02M58.00S,0,0,0,0,3.062,2.163,3.062,3.378,2003-10-29,0,0,1,1
20300006,2,1610612740,1610612737,136,248,353,399,1884,1521,1737,1891,1924,2564,113,0,0,1.013,0.0,542,655,1,PT02M58.00S,1,PT01M05.00S,0,0,0,0,3.062,3.378,4.076,3.378,2003-10-29,0,0,1,1
20300006,3,1610612740,1610612737,248,353,399,1714,1884,1521,1737,1891,1924,2564,272,0,0,0.939,1.082,655,927,1,PT01M05.00S,2,PT08M33.00S,0,0,0,0,4.076,3.378,5.015,4.46,2003-10-29,0,0,1,1
20300006,4,1610612740,1610612737,248,353,1714,1884,2048,1521,1737,1891,1924,2564,91,0,0,0.0,0.0,927,1018,2,PT08M33.00S,2,PT07M02.00S,0,0,0,0,5.015,4.46,5.015,4.46,2003-10-29,0,0,1,1
20300006,5,1610612740,1610612737,136,248,353,399,1884,689,1737,1891,1901,2564,128,0,0,0.0,0.0,1249,1377,2,PT03M11.00S,2,PT01M03.00S,0,0,0,0,6.043,4.46,6.043,4.46,2003-10-29,0,0,1,1
20300006,6,1610612740,1610612737,248,136,353,399,1884,689,1737,1891,1901,2564,390,0,0,1.892,0.0,1377,1767,2,PT01M03.00S,3,PT06M33.00S,0,0,0,0,6.043,4.46,7.935,4.46,2003-10-29,1,0,1,1
20300006,7,1610612740,1610612737,136,353,399,1884,2561,1521,1737,1891,1924,2564,66,0,0,-1.754,0.0,1950,2016,3,PT03M30.00S,3,PT02M24.00S,0,0,0,0,9.058,5.47,7.304,5.47,2003-10-29,1,0,1,1
20300006,8,1610612740,1610612737,136,353,399,1884,2561,1521,1536,1737,1924,2564,117,0,0,2.919,0.0,2016,2133,3,PT02M24.00S,3,PT00M27.00S,0,0,0,0,7.304,5.47,10.223,5.47,2003-10-29,1,0,1,1
20300006,9,1610612740,1610612737,136,353,399,1884,2561,1536,1737,1891,1924,2564,7,0,0,-0.0,0.0,2133,2140,3,PT00M27.00S,3,PT00M20.20S,0,0,0,0,10.223,5.47,10.223,5.47,2003-10-29,1,0,1,1
20300006,10,1610612740,1610612737,136,353,399,1884,2561,1521,1536,1737,1924,2564,18,58,51,58.0,51.0,2140,2158,3,PT00M20.20S,3,PT00M02.00S,0,0,58,51,10.223,5.47,68.223,56.47,2003-10-29,1,0,1,1
20300006,11,1610612740,1610612737,136,353,1884,2048,2561,1521,1536,1737,1924,2564,124,-58,-51,-56.108,-52.704,2158,2282,3,PT00M02.00S,4,PT09M58.00S,58,51,0,0,68.223,56.47,12.115,3.765,2003-10-29,1,0,1,1
20300006,12,1610612740,1610612737,353,133,136,1884,2048,1521,1536,1737,1924,2564,53,0,0,0.0,0.0,2282,2335,4,PT09M58.00S,4,PT09M05.00S,0,0,0,0,12.115,3.765,12.115,3.765,2003-10-29,1,0,1,1
20300006,13,1610612740,1610612737,353,133,136,1884,2048,1536,1737,1891,1924,2564,91,0,0,0.0,-2.421,2335,2426,4,PT09M05.00S,4,PT07M34.00S,0,0,0,0,12.115,3.765,12.115,1.344,2003-10-29,1,0,1,1
20300007,0,1610612761,1610612751,213,688,966,1541,1713,467,954,2030,2210,2215,345,9,13,8.152,12.437,0,345,1,PT12M00.00S,1,PT06M15.00S,0,0,9,13,0.0,0.0,8.152,12.437,2003-10-29,0,0,1,1
20300007,1,1610612761,1610612751,213,688,1541,1713,2547,467,954,2030,2210,2215,84,0,4,0.0,4.0,345,429,1,PT06M15.00S,1,PT04M51.00S,9,13,9,17,8.152,12.437,8.152,16.437,2003-10-29,0,0,1,1
20300007,2,1610612761,1610612751,213,688,1713,1960,2547,467,915,954,2030,2215,57,0,2,0.0,2.0,429,486,1,PT04M51.00S,1,PT03M54.00S,9,17,9,19,8.152,16.437,8.152,18.437,2003-10-29,0,0,1,1
20300007,3,1610612761,1610612751,213,441,1713,1960,2547,77,297,915,954,2030,312,11,6,10.244,7.056,486,798,1,PT03M54.00S,2,PT10M42.00S,9,19,20,25,8.152,18.437,18.396,25.493,2003-10-29,0,0,1,1
20300007,4,1610612761,1610612751,213,441,1713,1960,2547,297,467,915,954,2030,155,4,6,5.03,6.0,798,953,2,PT10M42.00S,2,PT08M07.00S,20,25,24,31,18.396,25.493,23.426,31.493,2003-10-29,0,0,1,1
20300008,0,1610612765,1610612754,922,1112,1497,1888,2419,72,397,979,1513,1897,401,9,7,7.38,7.0,0,401,1,PT12M00.00S,1,PT05M19.00S,0,0,9,7,0.0,0.0,7.38,7.0,2003-10-29,0,0,1,1
20300008,1,1610612765,1610612754,922,1112,1497,1888,2419,72,397,979,1733,1897,77,-9,-7,-9.0,-5.883,401,478,1,PT05M19.00S,1,PT04M02.00S,9,7,0,0,7.38,7.0,-1.62,1.117,2003-10-29,0,0,1,1
20300008,2,1610612765,1610612754,922,1112,1497,1888,2419,397,979,1733,1897,2224,51,0,0,0.0,0.0,478,529,1,PT04M02.00S,1,PT03M11.00S,0,0,0,0,-1.62,1.117,-1.62,1.117,2003-10-29,0,0,1,1
20300008,3,1610612765,1610612754,922,1112,1497,1888,2419,979,1506,1733,1897,2224,36,0,0,0.0,0.0,529,565,1,PT03M11.00S,1,PT02M35.00S,0,0,0,0,-1.62,1.117,-1.62,1.117,2003-10-29,0,0,1,1
20300008,4,1610612765,1610612754,722,1088,1112,1888,2246,979,1506,1733,1897,2224,113,0,0,1.125,2.082,565,678,1,PT02M35.00S,1,PT00M41.90S,0,0,0,0,-1.62,1.117,-0.495,3.199,2003-10-29,0,0,1,1
20300008,5,1610612765,1610612754,722,1088,1112,1888,2246,1506,1733,1897,1902,2224,109,0,0,0.0,0.0,678,787,1,PT00M41.90S,2,PT10M53.00S,0,0,0,0,-0.495,3.199,-0.495,3.199,2003-10-29,0,0,1,1
20300008,6,1610612765,1610612754,1112,1497,1888,2246,2419,72,397,979,1897,1902,76,0,0,1.23,0.0,1090,1166,2,PT05M50.00S,2,PT04M34.00S,0,0,0,0,-0.495,2.412,0.735,2.412,2003-10-29,0,0,1,1
20300008,7,1610612765,1610612754,1112,1497,1888,2246,2419,72,397,979,1513,1897,76,0,0,0.0,-1.672,1166,1242,2,PT04M34.00S,2,PT03M18.00S,0,0,0,0,0.735,2.412,0.735,0.74,2003-10-29,0,0,1,1
20300008,8,1610612765,1610612754,1112,1497,1888,2246,2419,72,397,979,1897,1902,65,0,0,0.0,0.0,1242,1307,2,PT03M18.00S,2,PT02M13.00S,0,0,0,0,0.735,0.74,0.735,0.74,2003-10-29,0,0,1,1
20300008,9,1610612765,1610612754,1088,1112,1888,2246,2419,72,397,979,1897,1902,536,0,0,1.14,-3.19,1307,1843,2,PT02M13.00S,3,PT05M17.00S,0,0,0,0,0.735,0.74,1.875,-2.451,2003-10-29,0,0,1,1
20300008,10,1610612765,1610612754,1088,1112,1888,2246,2419,72,979,1733,1897,1902,58,3,2,3.0,2.0,1843,1901,3,PT05M17.00S,3,PT04M19.00S,58,61,61,63,59.875,58.549,62.875,60.549,2003-10-29,0,0,1,1
20300008,11,1610612765,1610612754,1088,1112,1888,2246,2419,979,1733,1897,1902,2224,26,2,2,2.0,2.0,1901,1927,3,PT04M19.00S,3,PT03M53.00S,61,63,63,65,62.875,60.549,64.875,62.549,2003-10-29,0,0,1,1
20300008,12,1610612765,1610612754,722,1088,1112,2246,2419,979,1733,1897,1902,2224,96,3,2,3.0,2.0,1927,2023,3,PT03M53.00S,3,PT02M17.00S,63,65,66,67,64.875,62.549,67.875,64.549,2003-10-29,0,0,1,1
20300008,13,1610612765,1610612754,722,1088,1112,2246,2419,1506,1733,1897,1902,2224,134,-66,-67,-66.0,-67.775,2023,2157,3,PT02M17.00S,3,PT00M02.90S,66,67,0,0,67.875,64.549,1.875,-3.226,2003-10-29,0,0,1,1
20300008,14,1610612765,1610612754,722,1088,1112,2246,2419,1506,1733,1902,2224,2410,116,0,0,0.0,0.0,2157,2273,3,PT00M02.90S,4,PT10M07.00S,0,0,0,0,1.875,-3.226,1.875,-3.226,2003-10-29,0,0,1,1
20300008,15,1610612765,1610612754,722,1088,1112,1888,2246,1506,1733,1902,2224,2410,13,0,0,0.0,0.0,2273,2286,4,PT10M07.00S,4,PT09M54.00S,0,0,0,0,1.875,-3.226,1.875,-3.226,2003-10-29,0,0,1,1
20300009,0,1610612750,1610612749,84,208,697,708,1709,693,1501,1730,1800,2072,154,4,2,4.0,2.0,0,154,1,PT12M00.00S,1,PT09M26.00S,0,0,4,2,0.0,0.0,4.0,2.0,2003-10-29,0,0,1,1
20300009,1,1610612750,1610612749,84,208,708,718,1709,693,1501,1730,1800,2072,244,-4,-2,-5.744,0.267,154,398,1,PT09M26.00S,1,PT05M22.00S,4,2,0,0,4.0,2.0,-1.744,2.267,2003-10-29,0,0,1,1
20300009,2,1610612750,1610612749,84,208,708,718,2058,693,1501,1730,1800,2072,120,0,0,0.0,0.0,398,518,1,PT05M22.00S,1,PT03M22.00S,0,0,0,0,-1.744,2.267,-1.744,2.267,2003-10-29,0,0,1,1
20300009,3,1610612750,1610612749,84,708,718,2058,2693,693,1730,1800,2046,2072,346,0,0,0.0,-1.646,518,864,1,PT03M22.00S,2,PT09M36.00S,0,0,0,0,-1.744,2.267,-1.744,0.621,2003-10-29,0,0,1,1
20300009,4,1610612750,1610612749,84,708,718,2058,2693,693,1501,1730,1800,2046,84,0,0,0.0,0.0,864,948,2,PT09M36.00S,2,PT08M12.00S,0,0,0,0,-1.744,0.621,-1.744,0.621,2003-10-29,0,0,1,1
20300009,5,1610612750,1610612749,84,708,718,2058,2693,693,1501,1730,1800,2046,67,-34,-25,-32.961,-25.0,948,1015,2,PT08M12.00S,2,PT07M05.00S,34,25,0,0,32.256,25.621,-0.706,0.621,2003-10-29,0,0,1,1
20300009,6,1610612750,1610612749,697,708,718,2058,2693,693,1501,1730,1800,2046,128,0,0,0.0,1.156,1015,1143,2,PT07M05.00S,2,PT04M57.00S,0,0,0,0,-0.706,0.621,-0.706,1.776,2003-10-29,0,0,1,1
20300009,7,1610612750,1610612749,697,708,718,2058,2693,693,1501,1730,1800,2046,84,0,0,0.0,0.0,1143,1227,2,PT04M57.00S,2,PT03M33.00S,0,0,0,0,-0.706,1.776,-0.706,1.776,2003-10-29,0,0,1,1
20300009,8,1610612750,1610612749,697,708,718,2058,2693,693,1501,1730,1800,2072,66,-49,-33,-49.0,-33.0,1227,1293,2,PT03M33.00S,2,PT02M27.00S,49,33,0,0,48.294,34.776,-0.706,1.776,2003-10-29,0,0,1,1
20300009,9,1610612750,1610612749,84,708,718,2058,2693,693,1501,1730,1800,2072,84,0,0,0.0,0.0,1293,1377,2,PT02M27.00S,2,PT01M03.00S,0,0,0,0,-0.706,1.776,-0.706,1.776,2003-10-29,0,0,1,1
20300009,10,1610612750,1610612749,2058,84,708,718,2693,693,1501,1730,1800,2072,61,0,0,0.0,0.0,1377,1438,2,PT01M03.00S,2,PT00M02.20S,0,0,0,0,-0.706,1.776,-0.706,1.776,2003-10-29,1,0,1,1
20300009,11,1610612750,1610612749,2058,84,708,718,2693,693,1501,1730,1800,2072,193,0,0,0.0,1.071,1438,1631,2,PT00M02.20S,3,PT08M49.00S,0,0,0,0,-0.706,1.776,-0.706,2.847,2003-10-29,1,0,1,1
20300009,12,1610612750,1610612749,2058,84,708,718,2693,693,1730,1800,2046,2072,138,0,0,0.0,0.0,1631,1769,3,PT08M49.00S,3,PT06M31.00S,0,0,0,0,-0.706,2.847,-0.706,2.847,2003-10-29,1,0,1,1
20300010,0,1610612741,1610612764,147,937,2037,2201,2437,1716,2198,2217,2240,2553,367,0,0,-0.603,-0.285,0,367,1,PT12M00.00S,1,PT05M53.00S,0,0,0,0,0.0,0.0,-0.603,-0.285,2003-10-29,0,0,1,1
20300010,1,1610612741,1610612764,147,937,2033,2037,2201,1716,2198,2217,2240,2553,95,11,16,11.0,14.336,367,462,1,PT05M53.00S,1,PT04M18.00S,0,0,11,16,-0.603,-0.285,10.397,14.051,2003-10-29,0,0,1,1
20300010,2,1610612741,1610612764,147,937,2033,2037,2201,1716,2041,2198,2240,2553,103,-11,-16,-11.0,-16.0,462,565,1,PT04M18.00S,1,PT02M35.00S,11,16,0,0,10.397,14.051,-0.603,-1.949,2003-10-29,0,0,1,1
20300010,3,1610612741,1610612764,147,923,937,2033,2037,1716,2041,2198,2240,2553,80,0,0,-0.603,2.159,565,645,1,PT02M35.00S,1,PT01M15.00S,0,0,0,0,-0.603,-1.949,-1.207,0.211,2003-10-29,0,0,1,1
20300010,4,1610612741,1610612764,147,923,1944,2033,2037,363,1716,2041,2240,2553,222,18,25,18.0,23.336,645,867,1,PT01M15.00S,2,PT09M33.00S,0,0,18,25,-1.207,0.211,16.793,23.547,2003-10-29,0,0,1,1
20300010,5,1610612741,1610612764,147,923,1944,2033,2427,363,1716,2041,2240,2553,133,-18,-25,-18.0,-25.0,867,1000,2,PT09M33.00S,2,PT07M20.00S,18,25,0,0,16.793,23.547,-1.207,-1.453,2003-10-29,0,0,1,1
20300010,6,1610612741,1610612764,147,923,937,2201,2427,1716,2041,2198,2240,2553,30,0,0,0.0,0.0,1192,1222,2,PT04M08.00S,2,PT03M38.00S,0,0,0,0,0.81,-3.062,0.81,-3.062,2003-10-29,0,0,1,1
20300010,7,1610612741,1610612764,147,923,937,2201,2427,1716,2041,2198,2240,2553,105,0,0,-0.767,0.975,1222,1327,2,PT03M38.00S,2,PT01M53.00S,0,0,0,0,0.81,-3.062,0.043,-2.087,2003-10-29,0,0,1,1
20300010,8,1610612741,1610612764,147,923,937,2037,2201,1716,2041,2198,2240,2553,478,0,0,1.013,0.0,1327,1805,2,PT01M53.00S,3,PT05M55.00S,0,0,0,0,0.043,-2.087,1.056,-2.087,2003-10-29,0,0,1,1
20300010,9,1610612741,1610612764,147,923,937,2037,2201,363,1716,2041,2240,2553,115,47,57,47.0,58.052,1805,1920,3,PT05M55.00S,3,PT04M00.00S,0,0,47,57,1.056,-2.087,48.056,55.965,2003-10-29,0,0,1,1
20300010,10,1610612741,1610612764,147,916,937,2037,2201,363,1716,2041,2413,2553,155,0,0,1.981,1.018,2321,2476,4,PT09M19.00S,4,PT06M44.00S,0,0,0,0,-2.255,-4.372,-0.274,-3.354,2003-10-29,0,0,1,1
20300010,11,1610612741,1610612764,147,916,937,2037,2201,363,1716,2041,2240,2553,78,0,0,0.0,0.0,2476,2554,4,PT06M44.00S,4,PT05M26.00S,0,0,0,0,-0.274,-3.354,-0.274,-3.354,2003-10-29,0,0,1,1
20300010,12,1610612741,1610612764,383,1944,2201,2427,2437,363,1716,2041,2240,2553,107,0,0,1.09,0.0,2554,2661,4,PT05M26.00S,4,PT03M39.00S,0,0,0,0,-0.274,-3.354,0.816,-3.354,2003-10-29,0,0,1,1
20300010,13,1610612741,1610612764,383,1944,2201,2427,2437,1716,2041,2240,2407,2553,33,0,0,0.0,0.0,2661,2694,4,PT03M39.00S,4,PT03M06.00S,0,0,0,0,0.816,-3.354,0.816,-3.354,2003-10-29,0,0,1,1
20300010,14,1610612741,1610612764,383,1944,2201,2427,2437,2217,2407,2413,2553,2581,118,0,0,0.0,1.116,2694,2812,4,PT03M06.00S,4,PT01M08.00S,0,0,0,0,0.816,-3.354,0.816,-2.238,2003-10-29,0,0,1,1
20300010,15,1610612741,1610612764,383,916,1944,2427,2437,2217,2407,2413,2553,2581,28,0,0,0.0,0.0,2812,2840,4,PT01M08.00S,4,PT00M40.10S,0,0,0,0,0.816,-2.238,0.816,-2.238,2003-10-29,0,0,1,1
20300010,16,1610612741,1610612764,383,916,1944,2033,2427,2217,2407,2413,2553,2581,40,74,99,74.839,97.327,2840,2880,4,PT00M40.10S,4,PT00M00.00S,0,0,74,99,0.816,-2.238,75.655,95.089,2003-10-29,0,0,1,1
20300011,0,1610612743,1610612759,702,948,1889,2403,2546,1477,1495,1725,1853,1938,319,0,0,-0.726,0.0,0,319,1,PT12M00.00S,1,PT06M41.00S,0,0,0,0,0.0,0.0,-0.726,0.0,2003-10-29,0,0,1,1
20300011,1,1610612743,1610612759,702,948,1889,2403,2546,1477,1495,1500,1725,1938,59,0,0,0.0,0.0,319,378,1,PT06M41.00S,1,PT05M42.00S,0,0,0,0,-0.726,0.0,-0.726,0.0,2003-10-29,0,0,1,1
20300011,2,1610612743,1610612759,702,948,1889,2403,2546,990,1477,1500,1725,1938,94,0,0,0.0,1.208,378,472,1,PT05M42.00S,1,PT04M08.00S,0,0,0,0,-0.726,0.0,-0.726,1.208,2003-10-29,0,0,1,1
20300011,3,1610612743,1610612759,468,702,1889,2365,2403,990,1477,1500,1725,1938,51,0,0,0.0,0.0,472,523,1,PT04M08.00S,1,PT03M17.00S,0,0,0,0,-0.726,1.208,-0.726,1.208,2003-10-29,0,0,1,1
20300011,4,1610612743,1610612759,468,702,1863,2365,2403,990,1500,1725,1938,2045,57,0,0,0.0,0.0,523,580,1,PT03M17.00S,1,PT02M20.00S,0,0,0,0,-0.726,1.208,-0.726,1.208,2003-10-29,0,0,1,1
20300011,5,1610612743,1610612759,468,1763,1863,1922,2365,788,990,1500,1938,2045,35,16,15,16.0,15.0,580,615,1,PT02M20.00S,1,PT01M45.00S,0,0,16,15,-0.726,1.208,15.274,16.208,2003-10-29,0,0,1,1
20300011,6,1610612743,1610612759,468,1763,1863,1922,2365,788,990,1477,1938,2045,181,-16,-15,-17.519,-15.0,615,796,1,PT01M45.00S,2,PT10M44.00S,16,15,0,0,15.274,16.208,-2.245,1.208,2003-10-29,0,0,1,1
20300011,7,1610612743,1610612759,468,1863,1922,2401,2546,788,990,1477,1938,2045,55,0,0,0.0,0.0,796,851,2,PT10M44.00S,2,PT09M49.00S,0,0,0,0,-2.245,1.208,-2.245,1.208,2003-10-29,0,0,1,1
20300011,8,1610612743,1610612759,468,1863,1922,2401,2546,990,1477,1495,1938,2045,33,0,0,0.0,0.0,851,884,2,PT09M49.00S,2,PT09M16.00S,0,0,0,0,-2.245,1.208,-2.245,1.208,2003-10-29,0,0,1,1
20300011,9,1610612743,1610612759,468,948,1863,2401,2546,990,1477,1495,1938,2045,28,0,0,0.0,0.0,884,912,2,PT09M16.00S,2,PT08M48.00S,0,0,0,0,-2.245,1.208,-2.245,1.208,2003-10-29,0,0,1,1
20300011,10,1610612743,1610612759,468,702,948,1863,2401,990,1477,1495,1938,2045,17,0,0,0.0,0.0,912,929,2,PT08M48.00S,2,PT08M31.00S,0,0,0,0,-2.245,1.208,-2.245,1.208,2003-10-29,0,0,1,1
20300011,11,1610612743,1610612759,468,702,948,1863,2401,990,1495,1500,1938,2045,72,0,0,0.0,0.0,1014,1086,2,PT07M06.00S,2,PT05M54.00S,0,0,0,0,-1.144,1.208,-1.144,1.208,2003-10-29,0,0,1,1
20300011,12,1610612743,1610612759,468,702,948,1863,2403,109,1495,1500,1938,2045,29,0,0,0.0,0.0,1086,1115,2,PT05M54.00S,2,PT05M25.00S,0,0,0,0,-1.144,1.208,-1.144,1.208,2003-10-29,0,0,1,1
20300011,13,1610612743,1610612759,468,702,948,1889,2403,109,1495,1500,1938,2045,63,0,0,0.0,0.0,1115,1178,2,PT05M25.00S,2,PT04M22.00S,0,0,0,0,-1.144,1.208,-1.144,1.208,2003-10-29,0,0,1,1
20300011,14,1610612743,1610612759,468,702,948,1889,2403,109,1477,1495,1500,1938,59,0,0,-0.0,0.0,1178,1237,2,PT04M22.00S,2,PT03M23.00S,0,0,0,0,-1.144,1.208,-1.144,1.208,2003-10-29,0,0,1,1
20300011,15,1610612743,1610612759,702,948,1863,1889,2403,109,1477,1495,1500,1938,87,0,0,-1.557,0.0,1237,1324,2,PT03M23.00S,2,PT01M56.00S,0,0,0,0,-1.144,1.208,-2.701,1.208,2003-10-29,0,0,1,1
20300011,16,1610612743,1610612759,702,948,1863,1889,2403,109,990,1477,1500,1938,15,0,0,1.122,0.0,1324,1339,2,PT01M56.00S,2,PT01M41.00S,0,0,0,0,-2.701,1.208,-1.58,1.208,2003-10-29,0,0,1,1
20300011,17,1610612743,1610612759,702,948,1863,1889,2403,109,990,1477,1500,2045,75,0,0,-0.0,0.0,1339,1414,2,PT01M41.00S,2,PT00M25.80S,0,0,0,0,-1.58,1.208,-1.58,1.208,2003-10-29,0,0,1,1
20300011,18,1610612743,1610612759,702,1863,1889,2401,2403,109,990,1477,1500,2045,113,0,0,1.071,1.098,1414,1527,2,PT00M25.80S,3,PT10M33.00S,0,0,0,0,-1.58,1.208,-0.508,2.306,2003-10-29,0,0,1,1
20300011,19,1610612743,1610612759,702,1863,1889,2401,2403,109,990,1477,1500,2045,154,0,0,0.0,0.0,1527,1681,3,PT10M33.00S,3,PT07M59.00S,0,0,0,0,-0.508,2.306,-0.508,2.306,2003-10-29,0,0,1,1
20300011,20,1610612743,1610612759,468,1863,1922,2401,2403,109,990,1477,1500,2045,86,0,0,0.0,0.0,1790,1876,3,PT06M10.00S,3,PT04M44.00S,0,0,0,0,-0.508,2.306,-0.508,2.306,2003-10-29,0,0,1,1
20300011,21,1610612743,1610612759,468,1863,1922,2365,2401,109,990,1477,1938,2045,110,0,0,-1.606,0.0,1876,1986,3,PT04M44.00S,3,PT02M54.00S,0,0,0,0,-0.508,2.306,-2.114,2.306,2003-10-29,0,0,1,1
20300011,22,1610612743,1610612759,468,1763,1863,2365,2401,109,990,1500,1938,2045,284,0,0,1.101,2.065,1986,2270,3,PT02M54.00S,4,PT10M10.00S,0,0,0,0,-2.114,2.306,-1.013,4.371,2003-10-29,0,0,1,1
20300011,23,1610612743,1610612759,468,1863,2365,2403,2546,109,990,1500,1938,2045,118,0,0,-0.39,0.972,2270,2388,4,PT10M10.00S,4,PT08M12.00S,0,0,0,0,-1.013,4.371,-1.403,5.343,2003-10-29,0,0,1,1
20300011,24,1610612743,1610612759,702,948,1889,2403,2546,109,1495,1500,1938,2045,316,0,0,-1.798,-2.014,2512,2828,4,PT06M08.00S,4,PT00M52.10S,0,0,0,0,-1.403,7.646,-3.2,5.632,2003-10-29,0,0,1,1
20300011,25,1610612743,1610612759,702,1889,1922,2403,2546,109,1495,1500,1938,2045,7,0,0,0.0,0.0,2828,2835,4,PT00M52.10S,4,PT00M45.20S,0,0,0,0,-3.2,5.632,-3.2,5.632,2003-10-29,0,0,1,1
20300011,26,1610612743,1610612759,702,1863,1889,2403,2546,109,1495,1500,1938,2045,45,80,72,80.0,75.063,2835,2880,4,PT00M45.20S,4,PT00M00.00S,0,0,80,72,-3.2,5.632,76.8,80.695,2003-10-29,0,0,1,1
20300012,0,1610612762,1610612757,731,1723,1905,2052,2306,739,757,905,1719,2216,443,0,0,0.0,0.0,0,443,1,PT12M00.00S,1,PT04M37.00S,0,0,0,0,0.0,0.0,0.0,0.0,2003-10-29,0,0,1,1
20300012,1,1610612762,1610612757,731,1952,2052,2260,2306,757,905,1719,1739,2216,91,-7,-16,-8.692,-16.0,443,534,1,PT04M37.00S,1,PT03M06.00S,7,16,0,0,7.0,16.0,-1.692,0.0,2003-10-29,0,0,1,1
20300012,2,1610612762,1610612757,731,1952,2052,2260,2306,757,1719,1735,1739,2216,50,0,0,0.0,0.0,534,584,1,PT03M06.00S,1,PT02M16.00S,0,0,0,0,-1.692,0.0,-1.692,0.0,2003-10-29,0,0,1,1
20300012,3,1610612762,1610612757,1052,1952,2052,2260,2306,757,1719,1735,1739,2216,55,0,0,0.0,0.0,584,639,1,PT02M16.00S,1,PT01M21.00S,0,0,0,0,-1.692,0.0,-1.692,0.0,2003-10-29,0,0,1,1
20300012,4,1610612762,1610612757,1052,1952,2260,2306,2562,976,1719,1735,1739,2216,7,13,20,13.0,20.0,639,646,1,PT01M21.00S,1,PT01M14.00S,0,0,13,20,-1.692,0.0,11.308,20.0,2003-10-29,0,0,1,1
20300012,5,1610612762,1610612757,1052,1905,1952,2306,2562,976,1719,1735,1739,2216,124,-13,-20,-14.546,-19.008,646,770,1,PT01M14.00S,2,PT11M10.00S,13,20,0,0,11.308,20.0,-3.238,0.992,2003-10-29,0,0,1,1
20300012,6,1610612762,1610612757,1052,1905,1952,2306,2562,757,976,1735,1739,2216,161,0,0,-0.0,0.0,770,931,2,PT11M10.00S,2,PT08M29.00S,0,0,0,0,-3.238,0.992,-3.238,0.992,2003-10-29,0,0,1,1
20300012,7,1610612762,1610612757,731,1905,1952,2306,2562,757,905,976,1739,2216,111,0,0,-1.613,0.0,931,1042,2,PT08M29.00S,2,PT06M38.00S,0,0,0,0,-3.238,0.992,-4.85,0.992,2003-10-29,0,0,1,1
20300012,8,1610612762,1610612757,1052,1723,1905,2306,2562,757,976,1735,1739,2216,70,-54,-63,-54.0,-63.0,1888,1958,3,PT04M32.00S,3,PT03M22.00S,54,63,0,0,51.873,61.069,-2.127,-1.931,2003-10-29,0,0,1,1
20300012,9,1610612762,1610612757,1052,1723,1905,2306,2562,757,976,1735,1739,2216,40,0,0,0.0,0.0,1958,1998,3,PT03M22.00S,3,PT02M42.00S,0,0,0,0,-2.127,-1.931,-2.127,-1.931,2003-10-29,0,0,1,1
20300012,10,1610612762,1610612757,1052,1905,1952,2306,2562,757,976,1719,1735,2216,196,0,0,0.0,1.017,2269,2465,4,PT10M11.00S,4,PT06M55.00S,0,0,0,0,-3.765,-0.965,-3.765,0.052,2003-10-29,0,0,1,1
20300012,11,1610612762,1610612757,1052,1905,1952,2306,2562,757,905,976,1719,2216,131,0,0,-1.546,-0.699,2465,2596,4,PT06M55.00S,4,PT04M44.00S,0,0,0,0,-3.765,0.052,-5.311,-0.648,2003-10-29,0,0,1,1
20300013,0,1610612744,1610612742,361,384,956,2049,2399,714,952,959,960,1717,465,0,0,3.28,5.472,0,465,1,PT12M00.00S,1,PT04M15.00S,0,0,0,0,0.0,0.0,3.28,5.472,2003-10-29,0,0,1,1
20300013,1,1610612744,1610612742,361,384,422,956,2399,714,952,959,1712,1717,73,0,0,1.093,0.946,465,538,1,PT04M15.00S,1,PT03M02.00S,0,0,0,0,3.28,5.472,4.374,6.418,2003-10-29,0,0,1,1
20300013,2,1610612744,1610612742,361,384,422,956,2399,714,959,1712,1717,2572,61,0,0,0.0,-0.0,538,599,1,PT03M02.00S,1,PT02M01.00S,0,0,0,0,4.374,6.418,4.374,6.418,2003-10-29,0,0,1,1
20300013,3,1610612744,1610612742,361,384,422,2073,2399,714,959,1712,1717,2572,120,14,21,14.0,22.21,599,719,1,PT02M01.00S,1,PT00M00.80S,0,0,14,21,4.374,6.418,18.374,28.627,2003-10-29,0,0,1,1
20300013,4,1610612744,1610612742,361,384,422,2073,2399,696,714,1712,1717,2572,114,-14,-21,-12.907,-21.0,719,833,1,PT00M00.80S,2,PT10M07.00S,14,21,0,0,18.374,28.627,5.467,7.627,2003-10-29,0,0,1,1
20300013,5,1610612744,1610612742,361,384,422,2073,2554,696,714,1712,1717,2572,70,0,0,0.0,0.0,833,903,2,PT10M07.00S,2,PT08M57.00S,0,0,0,0,5.467,7.627,5.467,7.627,2003-10-29,0,0,1,1
20300013,6,1610612744,1610612742,361,384,422,2073,2554,696,952,1504,1712,2572,155,0,0,-3.297,1.063,903,1058,2,PT08M57.00S,2,PT06M22.00S,0,0,0,0,5.467,7.627,2.17,8.691,2003-10-29,0,0,1,1
20300013,7,1610612744,1610612742,361,384,422,2073,2554,696,952,1712,1717,2572,192,41,42,41.0,42.0,1058,1250,2,PT06M22.00S,2,PT03M10.00S,0,0,41,42,2.17,8.691,43.17,50.691,2003-10-29,0,0,1,1
20300013,8,1610612744,1610612742,361,384,422,956,2554,696,714,952,1712,1717,43,-41,-42,-41.0,-42.0,1250,1293,2,PT03M10.00S,2,PT02M27.00S,41,42,0,0,43.17,50.691,2.17,8.691,2003-10-29,0,0,1,1
20300013,9,1610612744,1610612742,361,384,422,956,2554,714,952,959,1712,1717,131,45,48,45.0,48.0,1293,1424,2,PT02M27.00S,2,PT00M16.30S,0,0,45,48,2.17,8.691,47.17,56.691,2003-10-29,0,0,1,1
20300013,10,1610612744,1610612742,361,384,422,2399,2554,952,714,959,1712,1717,326,-45,-48,-42.899,-48.0,1424,1750,2,PT00M16.30S,3,PT06M50.00S,45,48,0,0,47.17,56.691,4.271,8.691,2003-10-29,0,1,1,1
20300014,0,1610612758,1610612739,57,124,978,1710,1802,980,1729,2032,2430,2544,505,0,0,-1.787,0.0,0,505,1,PT12M00.00S,1,PT03M35.00S,0,0,0,0,0.0,0.0,-1.787,0.0,2003-10-29,0,0,1,1
20300014,1,1610612758,1610612739,57,124,978,1710,1802,980,1729,2430,2452,2544,64,0,0,0.0,-1.331,505,569,1,PT03M35.00S,1,PT02M31.00S,0,0,0,0,-1.787,0.0,-1.787,-1.331,2003-10-29,0,0,1,1
20300014,2,1610612758,1610612739,57,124,763,978,1517,980,1729,2430,2452,2544,47,34,27,34.0,27.0,569,616,1,PT02M31.00S,1,PT01M44.00S,0,0,34,27,-1.787,-1.331,32.213,25.669,2003-10-29,0,0,1,1
20300014,3,1610612758,1610612739,124,763,978,1517,2222,980,1729,2430,2452,2544,143,-34,-27,-32.851,-27.601,616,759,1,PT01M44.00S,2,PT11M21.00S,34,27,0,0,32.213,25.669,-0.638,-1.932,2003-10-29,0,0,1,1
20300014,4,1610612758,1610612739,763,978,1517,1802,2222,980,1729,2430,2452,2544,28,0,0,0.0,0.0,759,787,2,PT11M21.00S,2,PT10M53.00S,0,0,0,0,-0.638,-1.932,-0.638,-1.932,2003-10-29,0,0,1,1
20300014,5,1610612758,1610612739,763,978,1517,1802,2222,980,1729,2032,2036,2452,13,0,0,0.0,0.0,787,800,2,PT10M53.00S,2,PT10M40.00S,0,0,0,0,-0.638,-1.932,-0.638,-1.932,2003-10-29,0,0,1,1
20300014,6,1610612758,1610612739,763,1517,1710,1802,2222,980,1729,2032,2036,2452,200,0,0,0.0,-0.0,800,1000,2,PT10M40.00S,2,PT07M20.00S,0,0,0,0,-0.638,-1.932,-0.638,-1.932,2003-10-29,0,0,1,1
20300014,7,1610612758,1610612739,763,1517,1710,1802,2222,980,1729,2032,2036,2544,55,52,36,52.0,36.0,1000,1055,2,PT07M20.00S,2,PT06M25.00S,0,0,52,36,-0.638,-1.932,51.362,34.068,2003-10-29,0,0,1,1
20300014,8,1610612758,1610612739,763,1517,1710,1802,2222,980,1729,2032,2036,2544,83,-52,-36,-52.0,-36.0,1055,1138,2,PT06M25.00S,2,PT05M02.00S,52,36,0,0,51.362,34.068,-0.638,-1.932,2003-10-29,0,0,1,1
20300014,9,1610612758,1610612739,57,124,978,1710,1802,980,1729,2032,2430,2544,183,61,42,61.0,42.0,1138,1321,2,PT05M02.00S,2,PT01M59.00S,0,0,61,42,-0.638,-1.932,60.362,40.068,2003-10-29,0,0,1,1
20300014,10,1610612758,1610612739,57,124,978,1710,1802,980,1729,2430,2452,2544,597,18,25,21.075,21.616,1321,1918,2,PT01M59.00S,3,PT04M02.00S,61,42,79,67,60.362,40.068,81.437,61.684,2003-10-29,0,0,1,1
20300014,11,1610612758,1610612739,57,124,978,1710,1802,980,1729,2430,2452,2544,47,1,3,1.0,3.941,1918,1965,3,PT04M02.00S,3,PT03M15.00S,79,67,80,70,81.437,61.684,82.437,65.625,2003-10-29,0,0,1,1
20300014,12,1610612758,1610612739,57,763,978,1710,1802,1729,2205,2430,2452,2544,100,-80,-70,-80.0,-70.677,1965,2065,3,PT03M15.00S,3,PT01M35.00S,80,70,0,0,82.437,65.625,2.437,-5.052,2003-10-29,0,0,1,1
20300014,13,1610612758,1610612739,57,763,978,1517,1802,1729,2205,2430,2452,2544,277,0,0,0.0,-1.692,2065,2342,3,PT01M35.00S,4,PT08M58.00S,0,0,0,0,2.437,-5.052,2.437,-6.745,2003-10-29,0,0,1,1
20300014,14,1610612758,1610612739,57,763,978,1517,1802,980,2032,2036,2452,2544,85,0,0,0.0,-1.541,2342,2427,4,PT08M58.00S,4,PT07M33.00S,0,0,0,0,2.437,-6.745,2.437,-8.286,2003-10-29,0,0,1,1
20300014,15,1610612758,1610612739,57,763,978,1517,1802,2032,2036,2205,2452,2544,33,0,0,0.0,0.0,2427,2460,4,PT07M33.00S,4,PT07M00.00S,0,0,0,0,2.437,-8.286,2.437,-8.286,2003-10-29,0,0,1,1
20300014,16,1610612758,1610612739,57,763,978,1517,1802,1729,2032,2036,2205,2452,75,0,0,-2.059,-1.766,2460,2535,4,PT07M00.00S,4,PT05M45.00S,0,0,0,0,2.437,-8.286,0.378,-10.052,2003-10-29,0,0,1,1
20300014,17,1610612758,1610612739,57,763,1517,1710,1802,1729,2032,2205,2430,2452,22,0,0,0.0,0.0,2535,2557,4,PT05M45.00S,4,PT05M23.00S,0,0,0,0,0.378,-10.052,0.378,-10.052,2003-10-29,0,0,1,1
20300014,18,1610612758,1610612739,57,763,1517,1710,1802,1729,2205,2430,2452,2544,90,0,0,0.0,0.0,2557,2647,4,PT05M23.00S,4,PT03M53.00S,0,0,0,0,0.378,-10.052,0.378,-10.052,2003-10-29,0,0,1,1
20300014,19,1610612758,1610612739,57,763,978,1710,1802,1729,2205,2430,2452,2544,37,0,0,0.0,0.0,2647,2684,4,PT03M53.00S,4,PT03M16.00S,0,0,0,0,0.378,-10.052,0.378,-10.052,2003-10-29,0,0,1,1
20300014,20,1610612758,1610612739,57,763,978,1710,1802,980,1729,2430,2452,2544,196,106,92,107.149,94.18,2684,2880,4,PT03M16.00S,4,PT00M00.00S,0,0,106,92,0.378,-10.052,107.527,84.128,2003-10-29,0,0,1,1
20300015,0,1610612760,1610612746,699,1740,1916,2209,2436,1542,1882,1894,2039,2047,290,0,0,4.551,0.0,0,290,1,PT12M00.00S,1,PT07M10.00S,0,0,0,0,0.0,0.0,4.551,0.0,2003-10-30,0,0,1,1
20300015,1,1610612760,1610612746,699,1738,1916,2209,2436,1542,1882,1894,2039,2047,57,0,0,0.0,1.019,290,347,1,PT07M10.00S,1,PT06M13.00S,0,0,0,0,4.551,0.0,4.551,1.019,2003-10-30,0,0,1,1
20300015,2,1610612760,1610612746,699,1738,2209,2436,2501,1542,1882,1894,2039,2047,19,0,0,0.0,-0.0,347,366,1,PT06M13.00S,1,PT05M54.00S,0,0,0,0,4.551,1.019,4.551,1.019,2003-10-30,0,0,1,1
20300015,3,1610612760,1610612746,699,1738,2209,2436,2501,1882,1894,2039,2047,2250,68,0,0,0.0,0.0,366,434,1,PT05M54.00S,1,PT04M46.00S,0,0,0,0,4.551,1.019,4.551,1.019,2003-10-30,0,0,1,1
20300015,4,1610612760,1610612746,699,1738,2209,2501,2557,1882,1894,2047,2060,2250,134,0,0,1.072,0.0,434,568,1,PT04M46.00S,1,PT02M32.00S,0,0,0,0,4.551,1.019,5.623,1.019,2003-10-30,0,0,1,1
20300015,5,1610612760,1610612746,1738,2209,2499,2501,2557,1882,1894,2047,2060,2250,51,0,0,1.061,0.0,568,619,1,PT02M32.00S,1,PT01M41.00S,0,0,0,0,5.623,1.019,6.685,1.019,2003-10-30,0,0,1,1
20300015,6,1610612760,1610612746,1738,2209,2499,2501,2557,1882,1894,2060,2067,2250,96,0,0,0.0,0.0,619,715,1,PT01M41.00S,1,PT00M05.10S,0,0,0,0,6.685,1.019,6.685,1.019,2003-10-30,0,0,1,1
20300015,7,1610612760,1610612746,958,1738,2499,2501,2557,1882,1894,2060,2067,2250,43,20,18,20.0,18.0,715,758,1,PT00M05.10S,2,PT11M22.00S,0,0,20,18,6.685,1.019,26.685,19.019,2003-10-30,0,0,1,1
20300015,8,1610612760,1610612746,958,1740,2499,2501,2557,1882,1894,2060,2067,2250,51,2,4,2.0,2.416,758,809,2,PT11M22.00S,2,PT10M31.00S,20,18,22,22,26.685,19.019,28.685,21.435,2003-10-30,0,0,1,1
20300015,9,1610612760,1610612746,958,1740,2499,2501,2557,1542,1882,1894,2060,2067,76,1,0,3.11,1.019,809,885,2,PT10M31.00S,2,PT09M15.00S,22,22,23,22,28.685,21.435,31.795,22.454,2003-10-30,0,0,1,1
20300015,10,1610612760,1610612746,699,1738,2209,2436,2501,1542,1882,1894,2067,2250,149,0,0,0.0,1.123,1099,1248,2,PT05M41.00S,2,PT03M12.00S,0,0,0,0,4.068,-1.759,4.068,-0.636,2003-10-30,0,0,1,1
20300015,11,1610612760,1610612746,699,1740,1916,2209,2436,1542,1882,2067,2250,2404,99,0,0,2.068,0.0,2354,2453,4,PT08M46.00S,4,PT07M07.00S,0,0,0,0,0.409,3.012,2.477,3.012,2003-10-30,0,0,1,1
20300016,0,1610612753,1610612740,436,1503,1731,2400,2639,133,136,248,1884,2048,454,0,0,2.362,0.0,0,454,1,PT12M00.00S,1,PT04M26.00S,0,0,0,0,0.0,0.0,2.362,0.0,2003-10-30,0,0,1,1
20300016,1,1610612753,1610612740,436,1503,1731,1921,2400,133,136,248,353,2048,31,0,0,0.0,0.0,454,485,1,PT04M26.00S,1,PT03M55.00S,0,0,0,0,2.362,0.0,2.362,0.0,2003-10-30,0,0,1,1
20300016,2,1610612753,1610612740,692,1503,1742,1921,2400,133,136,248,353,2048,34,0,0,0.0,0.0,485,519,1,PT03M55.00S,1,PT03M21.00S,0,0,0,0,2.362,0.0,2.362,0.0,2003-10-30,0,0,1,1
20300016,3,1610612753,1610612740,692,1503,1742,1921,2400,133,248,353,1714,2048,106,0,0,-1.607,1.04,519,625,1,PT03M21.00S,1,PT01M35.00S,0,0,0,0,2.362,0.0,0.755,1.04,2003-10-30,0,0,1,1
20300016,4,1610612753,1610612740,692,1503,1742,1921,2400,133,248,353,399,1714,227,0,0,1.099,-1.635,625,852,1,PT01M35.00S,2,PT09M48.00S,0,0,0,0,0.755,1.04,1.854,-0.595,2003-10-30,0,0,1,1
20300016,5,1610612753,1610612740,436,1503,1731,1921,2400,133,248,353,1714,2048,51,0,0,0.0,-0.0,997,1048,2,PT07M23.00S,2,PT06M32.00S,0,0,0,0,0.021,1.37,0.021,1.37,2003-10-30,0,0,1,1
20300016,6,1610612753,1610612740,436,1503,1731,1921,2400,133,136,248,353,2048,38,0,0,0.0,0.0,1048,1086,2,PT06M32.00S,2,PT05M54.00S,0,0,0,0,0.021,1.37,0.021,1.37,2003-10-30,0,0,1,1
20300016,7,1610612753,1610612740,692,1503,1742,1921,2400,133,248,1714,2048,2561,28,63,70,63.0,70.0,1810,1838,3,PT05M50.00S,3,PT05M22.00S,0,0,63,70,-0.74,-0.696,62.26,69.304,2003-10-30,0,0,1,1
20300016,8,1610612753,1610612740,692,1503,1742,1921,2400,133,278,1714,2048,2561,85,-63,-70,-63.596,-70.0,1838,1923,3,PT05M22.00S,3,PT03M57.00S,63,70,0,0,62.26,69.304,-1.335,-0.696,2003-10-30,0,0,1,1
20300016,9,1610612753,1610612740,436,1503,1731,1742,2400,133,136,248,1714,2048,359,98,100,96.735,98.558,2521,2880,4,PT05M59.00S,4,PT00M00.00S,0,0,98,100,-2.269,-0.057,94.466,98.5,2003-10-30,0,0,1,1
20300017,0,1610612745,1610612743,754,1509,1749,1883,2397,702,948,1889,2403,2546,466,0,0,-1.69,0.0,0,466,1,PT12M00.00S,1,PT04M14.00S,0,0,0,0,0.0,0.0,-1.69,0.0,2003-10-30,0,0,1,1
20300017,1,1610612745,1610612743,754,1508,1509,1749,1883,702,948,1889,2403,2546,30,0,0,0.0,0.0,466,496,1,PT04M14.00S,1,PT03M44.00S,0,0,0,0,-1.69,0.0,-1.69,0.0,2003-10-30,0,0,1,1
20300017,2,1610612745,1610612743,754,1508,1509,1749,1883,468,1889,2401,2403,2546,47,0,0,0.0,1.102,496,543,1,PT03M44.00S,1,PT02M57.00S,0,0,0,0,-1.69,0.0,-1.69,1.102,2003-10-30,0,0,1,1
20300017,3,1610612745,1610612743,754,1508,1509,1883,2411,468,1763,1889,1922,2401,30,17,15,17.0,15.0,543,573,1,PT02M57.00S,1,PT02M27.00S,0,0,17,15,-1.69,1.102,15.31,16.102,2003-10-30,0,0,1,1
20300017,4,1610612745,1610612743,754,1508,1883,2397,2411,468,1763,1889,1922,2401,2,1,0,1.0,0.0,573,575,1,PT02M27.00S,1,PT02M25.00S,17,15,18,15,15.31,16.102,16.31,16.102,2003-10-30,0,0,1,1
20300017,5,1610612745,1610612743,754,1508,1883,2397,2411,468,1763,1863,1922,2401,46,1,3,1.0,1.395,575,621,1,PT02M25.00S,1,PT01M39.00S,18,15,19,18,16.31,16.102,17.31,17.496,2003-10-30,0,0,1,1
20300017,6,1610612745,1610612743,754,983,1508,2397,2411,468,1763,1863,1922,2401,35,-19,-18,-19.0,-18.0,621,656,1,PT01M39.00S,1,PT01M04.00S,19,18,0,0,17.31,17.496,-1.69,-0.504,2003-10-30,0,0,1,1
20300017,7,1610612745,1610612743,754,983,1508,1765,2411,468,1763,1863,1922,2401,160,0,0,0.0,0.0,656,816,1,PT01M04.00S,2,PT10M24.00S,0,0,0,0,-1.69,-0.504,-1.69,-0.504,2003-10-30,0,0,1,1
20300017,8,1610612745,1610612743,754,983,1509,1765,2411,468,1763,1863,1922,2401,85,0,0,0.0,0.0,816,901,2,PT10M24.00S,2,PT08M59.00S,0,0,0,0,-1.69,-0.504,-1.69,-0.504,2003-10-30,0,0,1,1
20300017,9,1610612745,1610612743,754,983,1509,1765,2411,468,1863,2365,2403,2546,57,0,0,0.0,0.0,901,958,2,PT08M59.00S,2,PT08M02.00S,0,0,0,0,-1.69,-0.504,-1.69,-0.504,2003-10-30,0,0,1,1
20300017,10,1610612745,1610612743,754,983,1509,1765,1883,468,1863,2365,2403,2546,53,0,0,0.0,0.0,958,1011,2,PT08M02.00S,2,PT07M09.00S,0,0,0,0,-1.69,-0.504,-1.69,-0.504,2003-10-30,0,0,1,1
20300017,11,1610612745,1610612743,754,983,1509,1765,1883,468,1889,2365,2403,2546,32,0,0,0.0,0.0,1011,1043,2,PT07M09.00S,2,PT06M37.00S,0,0,0,0,-1.69,-0.504,-1.69,-0.504,2003-10-30,0,0,1,1
20300017,12,1610612745,1610612743,754,983,1508,1509,1883,702,1889,2365,2403,2546,45,0,0,0.0,0.0,1043,1088,2,PT06M37.00S,2,PT05M52.00S,0,0,0,0,-1.69,-0.504,-1.69,-0.504,2003-10-30,0,0,1,1
20300017,13,1610612745,1610612743,754,983,1508,1883,2397,702,1889,2365,2403,2546,41,0,0,0.0,0.912,1088,1129,2,PT05M52.00S,2,PT05M11.00S,0,0,0,0,-1.69,-0.504,-1.69,0.408,2003-10-30,0,0,1,1
20300017,14,1610612745,1610612743,754,983,1509,1883,2397,702,1889,2365,2403,2546,24,34,30,34.0,30.0,1129,1153,2,PT05M11.00S,2,PT04M47.00S,0,0,34,30,-1.69,0.408,32.31,30.408,2003-10-30,0,0,1,1
20300017,15,1610612745,1610612743,754,1508,1765,1883,1909,468,702,1863,1889,2401,130,-55,-46,-53.901,-46.0,1611,1741,3,PT09M09.00S,3,PT06M59.00S,55,46,0,0,49.83,46.723,-4.071,0.723,2003-10-30,0,0,1,1
20300017,16,1610612745,1610612743,1508,1765,1883,1909,2411,468,702,1863,1889,2401,141,0,0,0.0,1.277,1741,1882,3,PT06M59.00S,3,PT04M38.00S,0,0,0,0,-4.071,0.723,-4.071,2.0,2003-10-30,0,0,1,1
20300017,17,1610612745,1610612743,1508,1765,1883,1909,2411,468,702,1863,1889,2365,103,0,0,0.0,0.0,1882,1985,3,PT04M38.00S,3,PT02M55.00S,0,0,0,0,-4.071,2.0,-4.071,2.0,2003-10-30,0,0,1,1
20300017,18,1610612745,1610612743,754,983,1749,1765,1909,1889,1922,2206,2401,2546,47,0,0,0.0,0.0,2748,2795,4,PT02M12.00S,4,PT01M25.00S,0,0,0,0,-6.197,3.09,-6.197,3.09,2003-10-30,0,0,1,1
20300017,19,1610612745,1610612743,983,1749,1765,1909,2411,1889,1922,2206,2401,2546,9,0,0,0.0,0.0,2795,2804,4,PT01M25.00S,4,PT01M16.00S,0,0,0,0,-6.197,3.09,-6.197,3.09,2003-10-30,0,0,1,1
20300017,20,1610612745,1610612743,1749,983,1765,1909,2411,1889,1922,2206,2401,2546,76,102,85,102.0,83.205,2804,2880,4,PT01M16.00S,4,PT00M00.00S,0,0,102,85,-6.197,3.09,95.803,86.295,2003-10-30,1,0,1,1
20300018,0,1610612756,1610612739,950,1890,2063,2207,2405,980,1729,2032,2430,2544,503,0,0,-1.726,-2.712,0,503,1,PT12M00.00S,1,PT03M37.00S,0,0,0,0,0.0,0.0,-1.726,-2.712,2003-10-30,0,0,1,1
20300018,1,1610612756,1610612739,358,950,1890,2063,2405,980,1729,2430,2452,2544,83,0,0,0.0,0.0,503,586,1,PT03M37.00S,1,PT02M14.00S,0,0,0,0,-1.726,-2.712,-1.726,-2.712,2003-10-30,0,0,1,1
20300018,2,1610612756,1610612739,358,950,2063,2405,2560,980,1729,1741,2452,2544,87,27,29,27.0,30.165,586,673,1,PT02M14.00S,1,PT00M46.70S,0,0,27,29,-1.726,-2.712,25.274,27.454,2003-10-30,0,0,1,1
20300018,3,1610612756,1610612739,339,358,1510,2063,2560,980,1729,1741,2452,2544,91,-27,-29,-27.0,-28.045,673,764,1,PT00M46.70S,2,PT11M16.00S,27,29,0,0,25.274,27.454,-1.726,-0.592,2003-10-30,0,0,1,1
20300018,4,1610612756,1610612739,339,358,1510,2063,2560,980,1563,1729,1741,2452,37,31,31,31.0,31.0,764,801,2,PT11M16.00S,2,PT10M39.00S,0,0,31,31,-1.726,-0.592,29.274,30.408,2003-10-30,0,0,1,1
20300018,5,1610612756,1610612739,339,358,1510,2063,2560,980,1563,1741,2452,2574,128,-31,-31,-30.013,-30.045,801,929,2,PT10M39.00S,2,PT08M31.00S,31,31,0,0,29.274,30.408,-0.739,0.363,2003-10-30,0,0,1,1
20300018,6,1610612756,1610612739,339,358,1510,2405,2560,980,1563,2430,2452,2574,31,0,0,0.0,0.0,929,960,2,PT08M31.00S,2,PT08M00.00S,0,0,0,0,-0.739,0.363,-0.739,0.363,2003-10-30,0,0,1,1
20300018,7,1610612756,1610612739,358,1510,1890,2405,2560,980,1563,2430,2452,2574,62,0,0,0.0,0.0,960,1022,2,PT08M00.00S,2,PT06M58.00S,0,0,0,0,-0.739,0.363,-0.739,0.363,2003-10-30,0,0,1,1
20300018,8,1610612756,1610612739,358,950,1890,2207,2405,980,1563,2430,2452,2574,63,-37,-37,-37.0,-37.0,1022,1085,2,PT06M58.00S,2,PT05M55.00S,37,37,0,0,36.261,37.363,-0.739,0.363,2003-10-30,0,0,1,1
20300018,9,1610612756,1610612739,358,950,1890,2207,2405,980,1729,2032,2430,2544,122,0,0,0.0,1.986,1085,1207,2,PT05M55.00S,2,PT03M53.00S,0,0,0,0,-0.739,0.363,-0.739,2.35,2003-10-30,0,0,1,1
20300018,10,1610612756,1610612739,358,950,1890,2207,2405,980,1729,2032,2452,2544,100,0,0,1.246,0.0,1207,1307,2,PT03M53.00S,2,PT02M13.00S,0,0,0,0,-0.739,2.35,0.508,2.35,2003-10-30,0,0,1,1
20300018,11,1610612756,1610612739,358,950,1890,2063,2207,980,1729,2032,2452,2544,539,0,0,2.433,-1.752,1307,1846,2,PT02M13.00S,3,PT05M14.00S,0,0,0,0,0.508,2.35,2.94,0.598,2003-10-30,0,0,1,1
20300018,12,1610612756,1610612739,358,950,2063,2207,2560,980,1729,1741,2452,2544,195,0,0,0.0,1.082,2064,2259,3,PT01M36.00S,4,PT10M21.00S,0,0,0,0,4.043,1.346,4.043,2.429,2003-10-30,0,0,1,1
20300018,13,1610612756,1610612739,358,950,2063,2207,2560,980,1729,1741,2032,2544,39,0,0,0.0,0.0,2259,2298,4,PT10M21.00S,4,PT09M42.00S,0,0,0,0,4.043,2.429,4.043,2.429,2003-10-30,0,0,1,1
20300019,0,1610612761,1610612764,213,688,966,1541,1713,1716,2198,2217,2240,2553,343,2,12,2.0,10.267,0,343,1,PT12M00.00S,1,PT06M17.00S,0,0,2,12,0.0,0.0,2.0,10.267,2003-10-31,0,0,1,1
20300019,1,1610612761,1610612764,213,688,1713,1960,2547,1716,2198,2217,2240,2553,152,6,4,6.0,4.0,343,495,1,PT06M17.00S,1,PT03M45.00S,2,12,8,16,2.0,10.267,8.0,14.267,2003-10-31,0,0,1,1
20300019,2,1610612761,1610612764,213,441,1713,1960,2547,1716,2198,2217,2240,2553,71,1,0,1.0,0.974,495,566,1,PT03M45.00S,1,PT02M34.00S,8,16,9,16,8.0,14.267,9.0,15.241,2003-10-31,0,0,1,1
20300019,3,1610612761,1610612764,213,441,1713,1960,2547,2041,2198,2240,2413,2553,82,2,2,2.0,2.0,566,648,1,PT02M34.00S,1,PT01M12.00S,9,16,11,18,9.0,15.241,11.0,17.241,2003-10-31,0,0,1,1
20300019,4,1610612761,1610612764,213,441,1713,1960,2547,363,2041,2240,2413,2553,239,4,7,6.056,9.063,648,887,1,PT01M12.00S,2,PT09M13.00S,11,18,15,25,11.0,17.241,17.056,26.304,2003-10-31,0,0,1,1
20300019,5,1610612761,1610612764,213,441,1713,1960,2547,363,2041,2240,2407,2413,204,8,6,8.0,6.0,887,1091,2,PT09M13.00S,2,PT05M49.00S,15,25,23,31,17.056,26.304,25.056,32.304,2003-10-31,0,0,1,1
20300019,6,1610612761,1610612764,213,441,1713,1960,2547,1716,2041,2198,2240,2553,11,2,0,2.0,0.0,2835,2846,4,PT00M45.30S,4,PT00M33.70S,78,79,80,79,77.74,81.536,79.74,81.536,2003-10-31,0,0,1,1
20300019,7,1610612761,1610612764,213,688,966,1713,1960,363,1716,2198,2240,2553,34,2,0,2.0,0.0,2846,2880,4,PT00M33.70S,4,PT00M00.00S,80,79,82,79,79.74,81.536,81.74,81.536,2003-10-31,0,0,1,1
20300020,0,1610612748,1610612765,224,258,1885,2548,2617,922,1112,1497,1888,2419,469,8,18,8.0,18.696,0,469,1,PT12M00.00S,1,PT04M11.00S,0,0,8,18,0.0,0.0,8.0,18.696,2003-10-31,0,0,1,1
20300020,1,1610612748,1610612765,258,1747,1885,2548,2617,922,1112,1497,1888,2419,35,-8,-18,-8.0,-18.0,469,504,1,PT04M11.00S,1,PT03M36.00S,8,18,0,0,8.0,18.696,0.0,0.696,2003-10-31,0,0,1,1
20300020,2,1610612748,1610612765,258,1747,1885,2124,2548,922,1112,1497,1888,2419,99,0,0,1.104,1.139,504,603,1,PT03M36.00S,1,PT01M57.00S,0,0,0,0,0.0,0.696,1.104,1.835,2003-10-31,0,0,1,1
20300020,3,1610612748,1610612765,224,258,1747,1885,2124,682,1088,1112,2246,2419,159,0,0,-0.0,-1.582,603,762,1,PT01M57.00S,2,PT11M18.00S,0,0,0,0,1.104,1.835,1.104,0.253,2003-10-31,0,0,1,1
20300020,4,1610612748,1610612765,224,258,961,1747,2124,682,722,1088,1112,2246,49,0,0,0.0,0.0,762,811,2,PT11M18.00S,2,PT10M29.00S,0,0,0,0,1.104,0.253,1.104,0.253,2003-10-31,0,0,1,1
20300020,5,1610612748,1610612765,224,258,961,1747,2124,682,722,1088,1442,2246,10,0,0,0.0,0.0,811,821,2,PT10M29.00S,2,PT10M19.00S,0,0,0,0,1.104,0.253,1.104,0.253,2003-10-31,0,0,1,1
20300020,6,1610612748,1610612765,224,258,961,2124,2548,682,722,1088,1442,2246,29,0,0,0.0,-1.659,821,850,2,PT10M19.00S,2,PT09M50.00S,0,0,0,0,1.104,0.253,1.104,-1.406,2003-10-31,0,0,1,1
20300020,7,1610612748,1610612765,224,258,2124,2548,2617,682,722,1088,1442,2246,120,0,0,1.045,0.0,850,970,2,PT09M50.00S,2,PT07M50.00S,0,0,0,0,1.104,-1.406,2.149,-1.406,2003-10-31,0,0,1,1
20300020,8,1610612748,1610612765,224,258,2124,2548,2617,722,1088,1442,1497,2246,15,0,0,0.0,0.0,970,985,2,PT07M50.00S,2,PT07M35.00S,0,0,0,0,2.149,-1.406,2.149,-1.406,2003-10-31,0,0,1,1
20300020,9,1610612748,1610612765,258,1747,1885,2548,2617,722,1088,1442,1497,2246,63,0,0,1.024,0.0,985,1048,2,PT07M35.00S,2,PT06M32.00S,0,0,0,0,2.149,-1.406,3.173,-1.406,2003-10-31,0,0,1,1
20300020,10,1610612748,1610612765,258,1747,1885,2548,2617,722,1112,1497,1888,2246,116,0,0,-0.0,0.0,1048,1164,2,PT06M32.00S,2,PT04M36.00S,0,0,0,0,3.173,-1.406,3.173,-1.406,2003-10-31,0,0,1,1
20300020,11,1610612748,1610612765,258,1747,1885,2548,2617,722,922,1112,1497,1888,6,28,37,28.0,37.0,1164,1170,2,PT04M36.00S,2,PT04M30.00S,0,0,28,37,3.173,-1.406,31.173,35.594,2003-10-31,0,0,1,1
20300020,12,1610612748,1610612765,258,1747,1885,2548,2617,922,1112,1497,1888,2419,191,6,7,6.973,6.557,1170,1361,2,PT04M30.00S,2,PT01M19.00S,28,37,34,44,31.173,35.594,38.146,42.151,2003-10-31,0,0,1,1
20300020,13,1610612748,1610612765,258,1747,1885,2124,2548,922,1112,1497,1888,2419,72,2,2,2.0,2.0,1361,1433,2,PT01M19.00S,2,PT00M07.10S,34,44,36,46,38.146,42.151,40.146,44.151,2003-10-31,0,0,1,1
20300020,14,1610612748,1610612765,258,1747,1885,2124,2548,722,922,1088,1497,2419,211,-36,-46,-34.873,-46.0,1433,1644,2,PT00M07.10S,3,PT08M36.00S,36,46,0,0,40.146,44.151,5.273,-1.849,2003-10-31,0,0,1,1
20300020,15,1610612748,1610612765,258,902,1747,1885,2124,722,1088,1442,1497,2246,96,0,0,0.973,-0.43,2064,2160,3,PT01M36.00S,4,PT12M00.00S,0,0,0,0,1.18,-3.343,2.153,-3.772,2003-10-31,0,0,1,1
20300020,16,1610612748,1610612765,258,902,1747,1885,2124,722,1088,1112,1497,2246,96,0,0,-1.662,1.04,2160,2256,4,PT12M00.00S,4,PT10M24.00S,0,0,0,0,2.153,-3.772,0.491,-2.732,2003-10-31,0,0,1,1
20300020,17,1610612748,1610612765,258,902,1747,1885,2124,722,1088,1112,1888,2246,55,68,76,68.0,78.164,2256,2311,4,PT10M24.00S,4,PT09M29.00S,0,0,68,76,0.491,-2.732,68.491,75.433,2003-10-31,0,0,1,1
20300020,18,1610612748,1610612765,258,902,1747,1885,2124,1088,1112,1888,2246,2419,84,-68,-76,-68.0,-76.0,2311,2395,4,PT09M29.00S,4,PT08M05.00S,68,76,0,0,68.491,75.433,0.491,-0.567,2003-10-31,0,0,1,1
20300020,19,1610612748,1610612765,258,902,1747,1885,2124,922,1088,1112,1888,2419,43,72,79,72.0,79.0,2395,2438,4,PT08M05.00S,4,PT07M22.00S,0,0,72,79,0.491,-0.567,72.491,78.433,2003-10-31,0,0,1,1
20300021,0,1610612754,1610612749,72,397,979,1513,1897,693,1501,1730,2072,2551,451,0,0,1.036,-0.491,0,451,1,PT12M00.00S,1,PT04M29.00S,0,0,0,0,0.0,0.0,1.036,-0.491,2003-10-31,0,0,1,1
20300021,1,1610612754,1610612749,72,397,979,1733,1897,693,1501,1730,2072,2551,28,0,0,0.0,0.0,451,479,1,PT04M29.00S,1,PT04M01.00S,0,0,0,0,1.036,-0.491,1.036,-0.491,2003-10-31,0,0,1,1
20300021,2,1610612754,1610612749,979,1733,1897,1902,2224,693,1501,1730,2072,2551,12,0,0,0.0,0.0,479,491,1,PT04M01.00S,1,PT03M49.00S,0,0,0,0,1.036,-0.491,1.036,-0.491,2003-10-31,0,0,1,1
20300021,3,1610612754,1610612749,979,1733,1897,1902,2224,389,1501,1730,2072,2551,66,0,0,0.0,1.07,491,557,1,PT03M49.00S,1,PT02M43.00S,0,0,0,0,1.036,-0.491,1.036,0.579,2003-10-31,0,0,1,1
20300021,4,1610612754,1610612749,979,1733,1897,1902,2224,389,1730,1800,2046,2072,74,15,17,13.371,17.0,557,631,1,PT02M43.00S,1,PT01M29.00S,0,0,15,17,1.036,0.579,14.407,17.579,2003-10-31,0,0,1,1
20300021,5,1610612754,1610612749,979,1733,1902,2224,2410,389,1730,1800,2046,2072,133,-15,-17,-15.0,-15.885,631,764,1,PT01M29.00S,2,PT11M16.00S,15,17,0,0,14.407,17.579,-0.593,1.694,2003-10-31,0,0,1,1
20300021,6,1610612754,1610612749,1506,1733,1902,2224,2410,389,1730,1800,2046,2072,158,0,0,0.897,0.994,764,922,2,PT11M16.00S,2,PT08M38.00S,0,0,0,0,-0.593,1.694,0.304,2.687,2003-10-31,0,0,1,1
20300021,7,1610612754,1610612749,1506,1513,1733,1897,2224,389,1730,1800,2046,2072,99,0,0,0.0,-0.482,922,1021,2,PT08M38.00S,2,PT06M59.00S,0,0,0,0,0.304,2.687,0.304,2.205,2003-10-31,0,0,1,1
20300021,8,1610612754,1610612749,397,979,1733,1897,2224,389,1730,2046,2072,2551,56,0,0,0.0,0.0,1021,1077,2,PT06M59.00S,2,PT06M03.00S,0,0,0,0,0.304,2.205,0.304,2.205,2003-10-31,0,0,1,1
20300021,9,1610612754,1610612749,72,397,979,1733,1897,389,1730,2046,2072,2551,11,0,0,0.0,0.0,1077,1088,2,PT06M03.00S,2,PT05M52.00S,0,0,0,0,0.304,2.205,0.304,2.205,2003-10-31,0,0,1,1
20300021,10,1610612754,1610612749,72,397,979,1733,1897,389,1730,2046,2072,2551,14,25,33,25.0,33.0,1088,1102,2,PT05M52.00S,2,PT05M38.00S,0,0,25,33,0.304,2.205,25.304,35.205,2003-10-31,0,0,1,1
20300021,11,1610612754,1610612749,72,397,979,1733,1897,389,1730,2046,2072,2551,25,0,0,0.0,0.0,1386,1411,2,PT00M53.60S,2,PT00M28.80S,0,0,0,0,-0.289,2.205,-0.289,2.205,2003-10-31,0,0,1,1
20300021,12,1610612754,1610612749,72,397,979,1733,1897,389,1730,1800,2072,2551,347,0,0,2.154,-1.173,1411,1758,2,PT00M28.80S,3,PT06M42.00S,0,0,0,0,-0.289,2.205,1.865,1.032,2003-10-31,0,0,1,1
20300021,13,1610612754,1610612749,1533,1733,1897,1902,2224,389,1730,1800,2046,2072,42,0,0,0.0,0.0,1946,1988,3,PT03M34.00S,3,PT02M52.00S,0,0,0,0,1.865,1.032,1.865,1.032,2003-10-31,0,0,1,1
20300021,14,1610612754,1610612749,1533,1733,1897,1902,2224,389,1730,1800,2046,2072,138,0,0,1.078,-1.606,1988,2126,3,PT02M52.00S,3,PT00M33.70S,0,0,0,0,1.865,1.032,2.943,-0.575,2003-10-31,0,0,1,1
20300021,15,1610612754,1610612749,1533,1733,1902,2224,2410,389,1730,1800,2046,2072,151,0,0,2.817,1.203,2126,2277,3,PT00M33.70S,4,PT10M03.00S,0,0,0,0,2.943,-0.575,5.76,0.628,2003-10-31,0,0,1,1
20300021,16,1610612754,1610612749,1533,1733,1902,2224,2410,389,1730,2046,2072,2551,78,65,77,63.334,77.952,2277,2355,4,PT10M03.00S,4,PT08M45.00S,0,0,65,77,5.76,0.628,69.094,78.58,2003-10-31,0,0,1,1
20300021,17,1610612754,1610612749,1506,1533,1733,1897,1902,693,1730,2046,2072,2551,148,0,0,0.0,0.0,2531,2679,4,PT05M49.00S,4,PT03M21.00S,0,0,0,0,1.743,1.139,1.743,1.139,2003-10-31,0,0,1,1
20300022,0,1610612751,1610612750,467,954,2030,2210,2215,84,208,697,708,1709,330,0,0,1.057,0.962,0,330,1,PT12M00.00S,1,PT06M30.00S,0,0,0,0,0.0,0.0,1.057,0.962,2003-10-31,0,0,1,1
20300022,1,1610612751,1610612750,467,954,2030,2210,2215,84,208,697,708,2058,83,0,0,1.057,0.0,330,413,1,PT06M30.00S,1,PT05M07.00S,0,0,0,0,1.057,0.962,2.113,0.962,2003-10-31,0,0,1,1
20300022,2,1610612751,1610612750,297,467,954,2030,2210,84,208,697,708,2058,31,0,0,0.0,0.0,413,444,1,PT05M07.00S,1,PT04M36.00S,0,0,0,0,2.113,0.962,2.113,0.962,2003-10-31,0,0,1,1
20300022,3,1610612751,1610612750,297,467,954,2030,2210,84,208,708,718,2058,231,0,0,0.0,-0.0,444,675,1,PT04M36.00S,1,PT00M44.90S,0,0,0,0,2.113,0.962,2.113,0.962,2003-10-31,0,0,1,1
20300022,4,1610612751,1610612750,297,467,954,2030,2210,84,208,708,718,911,232,0,0,-1.576,-1.711,675,907,1,PT00M44.90S,2,PT08M53.00S,0,0,0,0,2.113,0.962,0.537,-0.749,2003-10-31,0,0,1,1
20300022,5,1610612751,1610612750,954,1425,2030,2210,2565,84,208,708,718,1709,80,0,0,0.0,0.0,907,987,2,PT08M53.00S,2,PT07M33.00S,0,0,0,0,0.537,-0.749,0.537,-0.749,2003-10-31,0,0,1,1
20300022,6,1610612751,1610612750,954,1425,2030,2210,2565,84,708,718,1709,2693,20,0,0,0.0,0.0,987,1007,2,PT07M33.00S,2,PT07M13.00S,0,0,0,0,0.537,-0.749,0.537,-0.749,2003-10-31,0,0,1,1
20300022,7,1610612751,1610612750,467,1425,2210,2220,2243,84,708,718,2239,2693,77,0,0,0.996,0.0,2076,2153,3,PT01M24.00S,3,PT00M06.90S,0,0,0,0,5.851,1.053,6.847,1.053,2003-10-31,0,0,1,1
20300022,8,1610612751,1610612750,467,1425,2210,2220,2243,84,697,708,2239,2693,129,61,56,64.051,54.475,2153,2282,3,PT00M06.90S,4,PT09M58.00S,0,0,61,56,6.847,1.053,70.898,55.528,2003-10-31,0,0,1,1
20300022,9,1610612751,1610612750,467,1425,2210,2220,2243,84,208,697,708,2239,25,-61,-56,-61.0,-56.0,2282,2307,4,PT09M58.00S,4,PT09M33.00S,61,56,0,0,70.898,55.528,9.898,-0.472,2003-10-31,0,0,1,1
20300022,10,1610612751,1610612750,467,1425,2210,2215,2220,84,208,697,1709,2239,44,0,0,0.0,0.0,2307,2351,4,PT09M33.00S,4,PT08M49.00S,0,0,0,0,9.898,-0.472,9.898,-0.472,2003-10-31,0,0,1,1
20300022,11,1610612751,1610612750,297,467,954,2210,2215,84,208,697,708,1709,269,0,0,-3.353,1.056,2392,2661,4,PT08M08.00S,4,PT03M39.00S,0,0,0,0,9.898,-0.472,6.545,0.583,2003-10-31,0,0,1,1
20300022,12,1610612751,1610612750,297,467,954,2210,2215,84,208,697,708,2058,57,0,0,0.0,0.0,2661,2718,4,PT03M39.00S,4,PT02M42.00S,0,0,0,0,6.545,0.583,6.545,0.583,2003-10-31,0,0,1,1
20300022,13,1610612751,1610612750,297,467,2210,2220,2243,84,718,1900,2058,2693,37,2,0,2.918,0.923,2718,2755,4,PT02M42.00S,4,PT02M05.00S,80,58,82,58,86.545,58.583,89.463,59.506,2003-10-31,0,0,1,1
20300022,14,1610612751,1610612750,467,297,2220,2243,2565,84,718,1900,2058,2693,15,-82,-58,-82.0,-58.0,2755,2770,4,PT02M05.00S,4,PT01M50.00S,82,58,0,0,89.463,59.506,7.463,1.506,2003-10-31,1,0,1,1
20300022,15,1610612751,1610612750,297,1425,2220,2243,2565,718,1900,2058,2239,2693,110,84,61,84.996,61.0,2770,2880,4,PT01M50.00S,4,PT00M00.00S,0,0,84,61,7.463,1.506,92.458,62.506,2003-10-31,1,0,1,1
20300023,0,1610612763,1610612738,1715,1899,2031,2034,2200,452,1548,1718,2208,2229,300,0,0,0.745,2.333,0,300,1,PT12M00.00S,1,PT07M00.00S,0,0,0,0,0.0,0.0,0.745,2.333,2003-10-31,0,0,1,1
20300023,1,1610612763,1610612738,1715,1899,2031,2034,2200,452,1499,1718,2208,2229,125,0,0,1.006,-0.0,300,425,1,PT07M00.00S,1,PT04M55.00S,0,0,0,0,0.745,2.333,1.751,2.333,2003-10-31,0,0,1,1
20300023,2,1610612763,1610612738,448,953,1715,2034,2203,677,1499,1711,1718,2229,11,0,0,0.0,0.0,425,436,1,PT04M55.00S,1,PT04M44.00S,0,0,0,0,1.751,2.333,1.751,2.333,2003-10-31,0,0,1,1
20300023,3,1610612763,1610612738,445,448,953,2203,2248,677,1499,1711,1718,2229,67,18,14,19.165,15.121,436,503,1,PT04M44.00S,1,PT03M37.00S,0,0,18,14,1.751,2.333,20.916,17.454,2003-10-31,0,0,1,1
20300023,4,1610612763,1610612738,445,448,953,2203,2248,677,1499,1711,1718,2556,21,1,2,1.0,2.0,503,524,1,PT03M37.00S,1,PT03M16.00S,18,14,19,16,20.916,17.454,21.916,19.454,2003-10-31,0,0,1,1
20300023,5,1610612763,1610612738,445,448,953,2203,2248,677,962,1499,1711,2556,95,-19,-16,-20.528,-16.0,524,619,1,PT03M16.00S,1,PT01M41.00S,19,16,0,0,21.916,19.454,1.388,3.454,2003-10-31,0,0,1,1
20300023,6,1610612763,1610612738,445,448,953,2203,2248,677,1499,1711,1718,2556,74,29,24,30.165,24.0,619,693,1,PT01M41.00S,1,PT00M27.20S,0,0,29,24,1.388,3.454,31.553,27.454,2003-10-31,0,0,1,1
20300023,7,1610612763,1610612738,445,953,2200,2203,2248,677,1499,1711,1718,2556,74,-29,-24,-29.0,-24.0,693,767,1,PT00M27.20S,2,PT11M13.00S,29,24,0,0,31.553,27.454,2.553,3.454,2003-10-31,0,0,1,1
20300023,8,1610612763,1610612738,445,953,2200,2203,2248,452,677,1499,1718,2556,39,0,0,0.0,0.0,767,806,2,PT11M13.00S,2,PT10M34.00S,0,0,0,0,2.553,3.454,2.553,3.454,2003-10-31,0,0,1,1
20300023,9,1610612763,1610612738,445,953,2200,2203,2248,452,677,1711,1718,2556,32,0,0,0.0,0.979,806,838,2,PT10M34.00S,2,PT10M02.00S,0,0,0,0,2.553,3.454,2.553,4.433,2003-10-31,0,0,1,1
20300023,10,1610612763,1610612738,445,953,2200,2203,2248,452,677,1711,1718,2229,56,0,0,0.0,-0.0,838,894,2,PT10M02.00S,2,PT09M06.00S,0,0,0,0,2.553,4.433,2.553,4.433,2003-10-31,0,0,1,1
20300023,11,1610612763,1610612738,445,953,2200,2203,2248,677,962,1548,1718,2229,197,0,0,0.136,0.98,894,1091,2,PT09M06.00S,2,PT05M49.00S,0,0,0,0,2.553,4.433,2.69,5.413,2003-10-31,0,0,1,1
20300023,12,1610612763,1610612738,445,953,2200,2203,2248,677,962,1548,1711,2229,72,0,0,0.959,-0.0,1091,1163,2,PT05M49.00S,2,PT04M37.00S,0,0,0,0,2.69,5.413,3.649,5.413,2003-10-31,0,0,1,1
20300023,13,1610612763,1610612738,445,448,953,2203,2248,452,677,962,1711,2229,54,0,0,1.179,0.0,1163,1217,2,PT04M37.00S,2,PT03M43.00S,0,0,0,0,3.649,5.413,4.828,5.413,2003-10-31,0,0,1,1
20300023,14,1610612763,1610612738,445,448,953,2203,2248,452,677,962,1711,2556,35,43,40,43.0,40.0,1217,1252,2,PT03M43.00S,2,PT03M08.00S,0,0,43,40,4.828,5.413,47.828,45.413,2003-10-31,0,0,1,1
20300023,15,1610612763,1610612738,445,448,953,2203,2248,452,677,1711,1718,2556,319,-43,-40,-42.403,-40.0,1252,1571,2,PT03M08.00S,3,PT09M49.00S,43,40,0,0,47.828,45.413,5.425,5.413,2003-10-31,0,0,1,1
20300023,16,1610612763,1610612738,445,448,953,2203,2248,452,677,1711,1718,2556,106,0,0,0.959,1.116,1571,1677,3,PT09M49.00S,3,PT08M03.00S,0,0,0,0,5.425,5.413,6.384,6.529,2003-10-31,0,0,1,1
20300023,17,1610612763,1610612738,445,448,953,2203,2248,962,1499,1711,2208,2556,19,-60,-57,-60.0,-57.0,1874,1893,3,PT04M46.00S,3,PT04M27.00S,60,57,0,0,68.652,61.879,8.652,4.879,2003-10-31,0,0,1,1
20300023,18,1610612763,1610612738,445,448,953,2203,2248,962,1499,1711,2208,2556,1,0,0,0.0,0.0,1893,1894,3,PT04M27.00S,3,PT04M26.00S,0,0,0,0,8.652,4.879,8.652,4.879,2003-10-31,0,0,1,1
20300023,19,1610612763,1610612738,445,448,953,2203,2248,962,1499,1711,2208,2556,73,0,0,-1.541,-0.843,1894,1967,3,PT04M26.00S,3,PT03M13.00S,0,0,0,0,8.652,4.879,7.111,4.035,2003-10-31,0,0,1,1
20300023,20,1610612763,1610612738,445,448,953,2203,2248,962,1499,1711,2208,2229,46,0,0,0.0,0.92,1967,2013,3,PT03M13.00S,3,PT02M27.00S,0,0,0,0,7.111,4.035,7.111,4.955,2003-10-31,0,0,1,1
20300023,21,1610612763,1610612738,445,448,953,2203,2248,452,962,1711,2208,2229,266,0,0,4.702,-3.655,2013,2279,3,PT02M27.00S,4,PT10M01.00S,0,0,0,0,7.111,4.955,11.813,1.3,2003-10-31,0,0,1,1
20300023,22,1610612763,1610612738,445,448,953,2203,2248,452,962,1711,1718,2229,15,0,0,0.0,0.0,2279,2294,4,PT10M01.00S,4,PT09M46.00S,0,0,0,0,11.813,1.3,11.813,1.3,2003-10-31,0,0,1,1
20300023,23,1610612763,1610612738,445,448,953,1899,2248,452,962,1711,1718,2229,12,0,0,0.0,-1.591,2294,2306,4,PT09M46.00S,4,PT09M34.00S,0,0,0,0,11.813,1.3,11.813,-0.291,2003-10-31,0,0,1,1
20300023,24,1610612763,1610612738,1715,1899,2031,2034,2200,452,962,1711,1718,2229,56,0,0,-0.697,1.121,2306,2362,4,PT09M34.00S,4,PT08M38.00S,0,0,0,0,11.813,-0.291,11.115,0.83,2003-10-31,0,0,1,1
20300023,25,1610612763,1610612738,1715,1899,2031,2034,2200,452,1499,1718,2208,2556,111,0,0,0.0,0.0,2362,2473,4,PT08M38.00S,4,PT06M47.00S,0,0,0,0,11.115,0.83,11.115,0.83,2003-10-31,0,0,1,1
20300023,26,1610612763,1610612738,1715,1899,2031,2034,2200,1499,1548,1718,2208,2556,98,0,0,-1.747,0.0,2473,2571,4,PT06M47.00S,4,PT05M09.00S,0,0,0,0,11.115,0.83,9.368,0.83,2003-10-31,0,0,1,1
20300023,27,1610612763,1610612738,1715,1899,2031,2034,2200,452,1548,1718,2208,2229,145,0,0,0.0,1.116,2571,2716,4,PT05M09.00S,4,PT02M44.00S,0,0,0,0,9.368,0.83,9.368,1.946,2003-10-31,0,0,1,1
20300023,28,1610612763,1610612738,1715,1899,2031,2034,2200,452,1499,1718,2208,2229,133,0,0,0.0,0.0,2716,2849,4,PT02M44.00S,4,PT00M31.40S,0,0,0,0,9.368,1.946,9.368,1.946,2003-10-31,0,0,1,1
20300023,29,1610612763,1610612738,1715,1899,2031,2034,2200,452,962,1499,1718,2229,13,0,0,0.0,0.0,2849,2862,4,PT00M31.40S,4,PT00M18.50S,0,0,0,0,9.368,1.946,9.368,1.946,2003-10-31,0,0,1,1
20300023,30,1610612763,1610612738,1715,1899,2031,2034,2200,452,1499,1718,2208,2229,8,0,0,0.0,0.0,2862,2870,4,PT00M18.50S,4,PT00M10.40S,0,0,0,0,9.368,1.946,9.368,1.946,2003-10-31,0,0,1,1
20300023,31,1610612763,1610612738,1715,1899,2031,2034,2200,452,962,1499,2208,2229,10,91,93,91.0,93.0,2870,2880,4,PT00M10.40S,4,PT00M00.00S,0,0,91,93,9.368,1.946,100.368,94.946,2003-10-31,0,0,1,1
20300024,0,1610612741,1610612737,147,383,2037,2199,2201,689,949,1536,1891,1901,255,0,0,-1.751,2.128,0,255,1,PT12M00.00S,1,PT07M45.00S,0,0,0,0,0.0,0.0,-1.751,2.128,2003-10-31,0,0,1,1
20300024,1,1610612741,1610612737,147,383,2037,2199,2201,689,1536,1737,1891,1901,132,0,0,0.886,-1.036,255,387,1,PT07M45.00S,1,PT05M33.00S,0,0,0,0,-1.751,2.128,-0.866,1.092,2003-10-31,0,0,1,1
20300024,2,1610612741,1610612737,147,383,916,923,2037,689,1536,1737,1891,1901,35,0,0,0.0,0.0,387,422,1,PT05M33.00S,1,PT04M58.00S,0,0,0,0,-0.866,1.092,-0.866,1.092,2003-10-31,0,0,1,1
20300024,3,1610612741,1610612737,147,383,916,923,2037,689,1536,1737,1891,2564,97,0,0,0.0,0.0,422,519,1,PT04M58.00S,1,PT03M21.00S,0,0,0,0,-0.866,1.092,-0.866,1.092,2003-10-31,0,0,1,1
20300024,4,1610612741,1610612737,147,916,923,937,1944,1536,1737,1891,1924,2564,104,25,16,23.344,16.0,519,623,1,PT03M21.00S,1,PT01M37.00S,0,0,25,16,-0.866,1.092,22.478,17.092,2003-10-31,0,0,1,1
20300024,5,1610612741,1610612737,147,923,937,1944,2033,1536,1737,1891,1924,2564,13,1,1,1.0,1.0,623,636,1,PT01M37.00S,1,PT01M24.00S,25,16,26,17,22.478,17.092,23.478,18.092,2003-10-31,0,0,1,1
20300024,6,1610612741,1610612737,147,923,937,1944,2033,1521,1536,1737,1924,2564,205,7,6,7.0,6.0,636,841,1,PT01M24.00S,2,PT09M59.00S,26,17,33,23,23.478,18.092,30.478,24.092,2003-10-31,0,0,1,1
20300024,7,1610612741,1610612737,147,937,1944,2199,2201,949,1521,1737,1901,2564,11,0,1,0.927,1.0,841,852,2,PT09M59.00S,2,PT09M48.00S,33,23,33,24,30.478,24.092,31.405,25.092,2003-10-31,0,0,1,1
20300024,8,1610612741,1610612737,147,383,937,2199,2201,949,1521,1737,1901,2564,108,-33,-24,-33.0,-25.8,852,960,2,PT09M48.00S,2,PT08M00.00S,33,24,0,0,31.405,25.092,-1.595,-0.707,2003-10-31,0,0,1,1
20300024,9,1610612741,1610612737,147,383,916,923,937,689,1521,1536,1737,2564,152,60,58,60.0,58.0,1695,1847,3,PT07M45.00S,3,PT05M13.00S,0,0,60,58,-2.193,-2.873,57.807,55.127,2003-10-31,0,0,1,1
20300024,10,1610612741,1610612737,383,916,923,937,1944,689,1521,1536,1737,2564,59,-60,-58,-60.0,-59.492,1847,1906,3,PT05M13.00S,3,PT04M14.00S,60,58,0,0,57.807,55.127,-2.193,-4.365,2003-10-31,0,0,1,1
20300024,11,1610612741,1610612737,383,916,923,937,1944,1521,1536,1737,1924,2564,280,0,0,0.198,-0.0,2071,2351,3,PT01M29.00S,4,PT08M49.00S,0,0,0,0,-3.973,-4.365,-3.776,-4.365,2003-10-31,0,0,1,1
20300024,12,1610612741,1610612737,383,916,937,1944,2201,1521,1536,1737,1924,2564,36,0,0,0.0,0.0,2351,2387,4,PT08M49.00S,4,PT08M13.00S,0,0,0,0,-3.776,-4.365,-3.776,-4.365,2003-10-31,0,0,1,1
20300025,0,1610612746,1610612760,1542,1894,2039,2047,2404,699,1740,1916,2209,2436,489,0,0,1.605,-0.01,0,489,1,PT12M00.00S,1,PT03M51.00S,0,0,0,0,0.0,0.0,1.605,-0.01,2003-10-31,0,0,1,1
20300025,1,1610612746,1610612760,1542,1894,2047,2067,2250,699,1740,2209,2501,2557,38,0,0,0.0,0.0,489,527,1,PT03M51.00S,1,PT03M13.00S,0,0,0,0,1.605,-0.01,1.605,-0.01,2003-10-31,0,0,1,1
20300025,2,1610612746,1610612760,1542,1894,2047,2067,2250,699,1738,1740,2501,2557,161,0,0,0.0,1.131,527,688,1,PT03M13.00S,1,PT00M32.00S,0,0,0,0,1.605,-0.01,1.605,1.121,2003-10-31,0,0,1,1
20300025,3,1610612746,1610612760,1542,1894,2060,2067,2250,699,1738,1740,2501,2557,151,0,0,1.124,1.83,688,839,1,PT00M32.00S,2,PT10M01.00S,0,0,0,0,1.605,1.121,2.729,2.95,2003-10-31,0,0,1,1
20300025,4,1610612746,1610612760,1542,1894,2060,2067,2250,699,1738,1740,1744,2557,154,0,0,0.0,1.034,839,993,2,PT10M01.00S,2,PT07M27.00S,0,0,0,0,2.729,2.95,2.729,3.984,2003-10-31,0,0,1,1
20300025,5,1610612746,1610612760,1917,2047,2060,2250,2404,1738,1740,2436,2501,2557,25,0,0,0.0,0.0,2471,2496,4,PT06M49.00S,4,PT06M24.00S,0,0,0,0,2.601,2.967,2.601,2.967,2003-10-31,0,0,1,1
20300025,6,1610612746,1610612760,1917,2039,2047,2250,2404,1738,1740,2436,2501,2557,124,93,112,89.621,112.943,2496,2620,4,PT06M24.00S,4,PT04M20.00S,0,0,93,112,2.601,2.967,92.221,115.91,2003-10-31,0,0,1,1
20300025,7,1610612746,1610612760,1917,2039,2047,2250,2404,1740,2209,2436,2501,2557,59,-93,-112,-93.0,-113.492,2620,2679,4,PT04M20.00S,4,PT03M21.00S,93,112,0,0,92.221,115.91,-0.779,2.419,2003-10-31,0,0,1,1
20300025,8,1610612746,1610612760,2039,2047,2250,2404,2408,1740,2209,2436,2501,2557,99,0,0,-0.672,-1.58,2679,2778,4,PT03M21.00S,4,PT01M42.00S,0,0,0,0,-0.779,2.419,-1.451,0.838,2003-10-31,0,0,1,1
20300025,9,1610612746,1610612760,1917,2039,2047,2250,2408,1738,2209,2436,2501,2557,63,0,0,0.0,0.943,2778,2841,4,PT01M42.00S,4,PT00M38.80S,0,0,0,0,-1.451,0.838,-1.451,1.781,2003-10-31,0,0,1,1
20300025,10,1610612746,1610612760,1917,2039,2047,2250,2408,1738,2209,2436,2499,2557,39,105,124,105.0,124.0,2841,2880,4,PT00M38.80S,4,PT00M00.00S,0,0,105,124,-1.451,1.781,103.549,125.781,2003-10-31,0,0,1,1
20300026,0,1610612758,1610612755,57,124,978,1710,1802,727,934,947,1903,2422,307,0,0,0.0,0.0,0,307,1,PT12M00.00S,1,PT06M53.00S,0,0,0,0,0.0,0.0,0.0,0.0,2003-10-31,0,0,1,1
20300026,1,1610612758,1610612755,57,124,978,1710,1802,243,727,934,947,1903,236,0,0,-1.653,0.029,307,543,1,PT06M53.00S,1,PT02M57.00S,0,0,0,0,0.0,0.0,-1.653,0.029,2003-10-31,0,0,1,1
20300026,2,1610612758,1610612755,57,124,1517,1710,1802,243,727,934,947,1903,90,0,0,0.0,0.0,543,633,1,PT02M57.00S,1,PT01M27.00S,0,0,0,0,-1.653,0.029,-1.653,0.029,2003-10-31,0,0,1,1
20300026,3,1610612758,1610612755,57,124,1517,1710,2443,727,934,947,1531,2584,181,27,26,23.633,27.934,633,814,1,PT01M27.00S,2,PT10M26.00S,0,0,27,26,-1.653,0.029,21.98,27.963,2003-10-31,0,0,1,1
20300026,4,1610612758,1610612755,124,978,1517,1710,2443,727,934,947,1531,2584,31,-27,-26,-27.0,-26.0,814,845,2,PT10M26.00S,2,PT09M55.00S,27,26,0,0,21.98,27.963,-5.02,1.963,2003-10-31,0,0,1,1
20300026,5,1610612758,1610612755,124,978,1517,1710,2443,243,727,934,947,1531,202,37,34,35.441,34.0,845,1047,2,PT09M55.00S,2,PT06M33.00S,0,0,37,34,-5.02,1.963,30.42,35.963,2003-10-31,0,0,1,1
20300026,6,1610612758,1610612755,124,978,1517,1710,1802,243,727,934,947,1903,53,0,0,0.0,0.0,1199,1252,2,PT04M01.00S,2,PT03M08.00S,0,0,0,0,-5.557,1.963,-5.557,1.963,2003-10-31,0,0,1,1
20300026,7,1610612758,1610612755,124,978,1517,1710,1802,243,727,934,947,1531,158,52,42,53.101,42.0,1252,1410,2,PT03M08.00S,2,PT00M29.70S,0,0,52,42,-5.557,1.963,47.544,43.963,2003-10-31,0,0,1,1
20300026,8,1610612758,1610612755,57,124,978,1710,2443,243,934,947,2584,2594,20,1,1,1.0,1.0,1410,1430,2,PT00M29.70S,2,PT00M09.70S,52,42,53,43,47.544,43.963,48.544,44.963,2003-10-31,0,0,1,1
20300026,9,1610612758,1610612755,57,124,978,1517,1710,243,947,1531,2422,2584,318,-53,-43,-53.321,-43.716,1430,1748,2,PT00M09.70S,3,PT06M52.00S,53,43,0,0,48.544,44.963,-4.777,1.248,2003-10-31,0,0,1,1
20300026,10,1610612758,1610612755,763,978,1517,1710,2443,243,947,1531,2223,2584,188,-78,-66,-76.899,-66.67,2139,2327,3,PT00M20.90S,4,PT09M13.00S,78,66,0,0,71.54,67.248,-5.359,0.578,2003-10-31,0,0,1,1
20300026,11,1610612758,1610612755,124,978,1517,1710,2443,243,934,947,1531,2584,92,-86,-73,-86.0,-74.711,2327,2419,4,PT09M13.00S,4,PT07M41.00S,86,73,0,0,80.641,73.578,-5.359,-1.133,2003-10-31,0,0,1,1
20300026,12,1610612758,1610612755,124,978,1517,1710,2443,243,727,934,947,1903,97,0,0,0.0,0.0,2419,2516,4,PT07M41.00S,4,PT06M04.00S,0,0,0,0,-5.359,-1.133,-5.359,-1.133,2003-10-31,0,0,1,1
20300026,13,1610612758,1610612755,124,978,1517,1710,1802,243,727,934,947,1903,100,92,80,93.023,80.0,2516,2616,4,PT06M04.00S,4,PT04M24.00S,0,0,92,80,-5.359,-1.133,87.664,78.867,2003-10-31,0,0,1,1
20300026,14,1610612758,1610612755,124,978,1517,1710,1802,727,934,947,1903,2422,128,-92,-80,-92.0,-78.818,2616,2744,4,PT04M24.00S,4,PT02M16.00S,92,80,0,0,87.664,78.867,-4.336,0.048,2003-10-31,0,0,1,1
20300026,15,1610612758,1610612755,124,978,1517,1710,1802,243,727,934,947,1903,136,100,89,98.441,86.95,2744,2880,4,PT02M16.00S,4,PT00M00.00S,0,0,100,89,-4.336,0.048,94.104,86.998,2003-10-31,0,0,1,1
20300027,0,1610612764,1610612751,1716,2198,2217,2240,2553,467,954,2210,2215,2243,379,0,0,-0.281,-0.683,0,379,1,PT12M00.00S,1,PT05M41.00S,0,0,0,0,0.0,0.0,-0.281,-0.683,2003-11-01,0,0,1,1
20300027,1,1610612764,1610612751,1716,2217,2240,2407,2553,467,954,2210,2215,2243,50,0,0,0.0,-1.677,379,429,1,PT05M41.00S,1,PT04M51.00S,0,0,0,0,-0.281,-0.683,-0.281,-2.359,2003-11-01,0,0,1,1
20300027,2,1610612764,1610612751,1716,2217,2240,2407,2553,297,467,954,2210,2243,51,0,0,0.0,0.0,429,480,1,PT04M51.00S,1,PT04M00.00S,0,0,0,0,-0.281,-2.359,-0.281,-2.359,2003-11-01,0,0,1,1
20300027,3,1610612764,1610612751,1716,2041,2240,2407,2553,297,467,954,2210,2243,111,0,0,1.045,-0.0,480,591,1,PT04M00.00S,1,PT02M09.00S,0,0,0,0,-0.281,-2.359,0.764,-2.359,2003-11-01,0,0,1,1
20300027,4,1610612764,1610612751,1716,2041,2240,2407,2553,297,467,2210,2220,2243,35,0,0,0.0,0.0,591,626,1,PT02M09.00S,1,PT01M34.00S,0,0,0,0,0.764,-2.359,0.764,-2.359,2003-11-01,0,0,1,1
20300027,5,1610612764,1610612751,1716,2041,2407,2413,2553,297,467,2210,2220,2243,61,0,0,-0.0,1.111,626,687,1,PT01M34.00S,1,PT00M33.40S,0,0,0,0,0.764,-2.359,0.764,-1.248,2003-11-01,0,0,1,1
20300027,6,1610612764,1610612751,363,1716,2041,2407,2413,297,467,2210,2220,2243,190,0,0,1.018,-0.0,687,877,1,PT00M33.40S,2,PT09M23.00S,0,0,0,0,0.764,-1.248,1.782,-1.248,2003-11-01,0,0,1,1
20300027,7,1610612764,1610612751,363,1716,2041,2407,2413,467,2210,2215,2220,2243,39,0,0,0.0,0.0,877,916,2,PT09M23.00S,2,PT08M44.00S,0,0,0,0,1.782,-1.248,1.782,-1.248,2003-11-01,0,0,1,1
20300027,8,1610612764,1610612751,363,1716,2041,2407,2413,467,954,2210,2215,2243,53,0,0,0.0,1.03,916,969,2,PT08M44.00S,2,PT07M51.00S,0,0,0,0,1.782,-1.248,1.782,-0.218,2003-11-01,0,0,1,1
20300027,9,1610612764,1610612751,363,1716,2041,2413,2553,467,954,2210,2215,2243,100,0,0,0.0,-1.653,969,1069,2,PT07M51.00S,2,PT06M11.00S,0,0,0,0,1.782,-0.218,1.782,-1.87,2003-11-01,0,0,1,1
20300027,10,1610612764,1610612751,363,1716,2041,2413,2553,467,954,2210,2215,2243,10,0,0,0.0,1.054,1069,1079,2,PT06M11.00S,2,PT06M01.00S,0,0,0,0,1.782,-1.87,1.782,-0.816,2003-11-01,0,0,1,1
20300027,11,1610612764,1610612751,363,1716,2198,2413,2553,467,954,2210,2215,2243,115,0,0,-0.591,0.0,1079,1194,2,PT06M01.00S,2,PT04M06.00S,0,0,0,0,1.782,-0.816,1.191,-0.816,2003-11-01,0,0,1,1
20300027,12,1610612764,1610612751,1716,1751,2198,2240,2553,297,467,954,2210,2243,79,0,0,0.0,0.0,1194,1273,2,PT04M06.00S,2,PT02M47.00S,0,0,0,0,1.191,-0.816,1.191,-0.816,2003-11-01,0,0,1,1
20300027,13,1610612764,1610612751,43,1716,1751,2198,2553,297,467,954,2210,2243,139,0,0,0.0,1.03,1273,1412,2,PT02M47.00S,2,PT00M28.50S,0,0,0,0,1.191,-0.816,1.191,0.214,2003-11-01,0,0,1,1
20300027,14,1610612764,1610612751,43,1716,2198,2413,2553,297,467,954,2220,2243,334,0,0,0.356,-0.0,1412,1746,2,PT00M28.50S,3,PT06M54.00S,0,0,0,0,1.191,0.214,1.547,0.214,2003-11-01,0,0,1,1
20300027,15,1610612764,1610612751,43,363,1716,2413,2553,297,467,954,2220,2243,14,0,0,0.0,0.0,1746,1760,3,PT06M54.00S,3,PT06M40.00S,0,0,0,0,1.547,0.214,1.547,0.214,2003-11-01,0,0,1,1
20300027,16,1610612764,1610612751,43,363,2041,2413,2553,297,467,954,2220,2243,17,0,2,1.098,2.0,1866,1883,3,PT04M54.00S,3,PT04M37.00S,49,60,49,62,51.674,61.208,52.772,63.208,2003-11-01,0,0,1,1
20300027,17,1610612764,1610612751,43,363,2041,2407,2413,297,467,954,2220,2243,52,-49,-62,-49.0,-62.0,1883,1935,3,PT04M37.00S,3,PT03M45.00S,49,62,0,0,52.772,63.208,3.772,1.208,2003-11-01,0,0,1,1
20300027,18,1610612764,1610612751,43,363,2041,2407,2413,297,467,954,2220,2243,53,0,0,0.0,0.0,1935,1988,3,PT03M45.00S,3,PT02M52.00S,0,0,0,0,3.772,1.208,3.772,1.208,2003-11-01,0,0,1,1
20300027,19,1610612764,1610612751,43,363,2041,2407,2413,297,467,954,1425,2220,74,59,67,57.311,68.03,1988,2062,3,PT02M52.00S,3,PT01M38.00S,0,0,59,67,3.772,1.208,61.083,69.238,2003-11-01,0,0,1,1
20300027,20,1610612764,1610612751,363,1716,2041,2240,2553,297,467,954,1425,2220,30,0,0,0.0,0.0,2395,2425,4,PT08M05.00S,4,PT07M35.00S,0,0,0,0,2.083,-1.115,2.083,-1.115,2003-11-01,0,0,1,1
20300027,21,1610612764,1610612751,363,1716,2041,2240,2553,467,954,1425,2215,2220,66,0,0,0.0,0.0,2425,2491,4,PT07M35.00S,4,PT06M29.00S,0,0,0,0,2.083,-1.115,2.083,-1.115,2003-11-01,0,0,1,1
20300027,22,1610612764,1610612751,363,1716,2198,2240,2553,467,954,1425,2215,2220,297,0,0,2.095,-0.812,2491,2788,4,PT06M29.00S,4,PT01M32.00S,0,0,0,0,2.083,-1.115,4.178,-1.927,2003-11-01,0,0,1,1
20300027,23,1610612764,1610612751,1716,2198,2240,2407,2553,77,954,1425,2215,2220,23,0,0,0.0,0.0,2788,2811,4,PT01M32.00S,4,PT01M09.00S,0,0,0,0,4.178,-1.927,4.178,-1.927,2003-11-01,0,0,1,1
20300027,24,1610612764,1610612751,1716,2198,2240,2407,2553,77,1425,2215,2220,2565,69,85,98,86.045,98.0,2811,2880,4,PT01M09.00S,4,PT00M00.00S,0,0,85,98,4.178,-1.927,90.223,96.073,2003-11-01,0,0,1,1
20300028,0,1610612753,1610612765,436,1503,1742,2400,2639,922,1112,1497,1888,2419,138,0,0,0.0,1.14,0,138,1,PT12M00.00S,1,PT09M42.00S,0,0,0,0,0.0,0.0,0.0,1.14,2003-11-01,0,0,1,1
20300028,1,1610612753,1610612765,692,1503,1742,2400,2639,682,922,1088,1112,2419,73,0,0,0.837,0.0,596,669,1,PT02M04.00S,1,PT00M51.00S,0,0,0,0,-3.369,0.697,-2.531,0.697,2003-11-01,0,0,1,1
20300028,2,1610612753,1610612765,692,1503,1742,2212,2639,682,922,1088,1442,2419,17,-21,-20,-21.0,-20.0,669,686,1,PT00M51.00S,1,PT00M33.90S,21,20,0,0,18.469,20.697,-2.531,0.697,2003-11-01,0,0,1,1
20300028,3,1610612753,1610612765,692,1503,1742,2212,2639,682,1088,1442,2246,2419,149,0,0,1.018,-1.667,686,835,1,PT00M33.90S,2,PT10M05.00S,0,0,0,0,-2.531,0.697,-1.513,-0.971,2003-11-01,0,0,1,1
20300028,4,1610612753,1610612765,436,1503,1742,2212,2558,682,1088,1442,2246,2419,206,0,0,-1.688,0.0,835,1041,2,PT10M05.00S,2,PT06M39.00S,0,0,0,0,-1.513,-0.971,-3.201,-0.971,2003-11-01,0,0,1,1
20300028,5,1610612753,1610612765,436,1503,1731,1742,2400,922,1088,1112,1888,2419,57,0,0,0.0,0.0,1118,1175,2,PT05M22.00S,2,PT04M25.00S,0,0,0,0,-2.183,-0.971,-2.183,-0.971,2003-11-01,0,0,1,1
20300028,6,1610612753,1610612765,436,1503,1731,2400,2639,922,1112,1497,1888,2419,196,44,50,42.423,50.0,1175,1371,2,PT04M25.00S,2,PT01M09.00S,0,0,44,50,-2.183,-0.971,40.24,49.029,2003-11-01,0,0,1,1
20300028,7,1610612753,1610612765,436,1503,1731,1742,2400,1112,1497,1888,2246,2419,593,-44,-50,-45.699,-50.0,1371,1964,2,PT01M09.00S,3,PT03M16.00S,44,50,0,0,40.24,49.029,-5.459,-0.971,2003-11-01,0,0,1,1
20300028,8,1610612753,1610612765,436,1503,1731,1742,2400,1088,1112,1888,2246,2419,121,0,0,0.0,1.04,1964,2085,3,PT03M16.00S,3,PT01M15.00S,0,0,0,0,-5.459,-0.971,-5.459,0.069,2003-11-01,0,0,1,1
20300028,9,1610612753,1610612765,436,1503,1731,1742,2400,1088,1112,1497,2246,2419,17,0,0,0.0,0.0,2085,2102,3,PT01M15.00S,3,PT00M58.10S,0,0,0,0,-5.459,0.069,-5.459,0.069,2003-11-01,0,0,1,1
20300028,10,1610612753,1610612765,436,692,1503,1731,1742,1088,1112,1497,2246,2419,56,0,0,0.0,0.0,2102,2158,3,PT00M58.10S,3,PT00M01.60S,0,0,0,0,-5.459,0.069,-5.459,0.069,2003-11-01,0,0,1,1
20300028,11,1610612753,1610612765,436,692,1731,1742,2558,1088,1112,1497,2246,2419,66,0,0,0.0,1.04,2158,2224,3,PT00M01.60S,4,PT10M56.00S,0,0,0,0,-5.459,0.069,-5.459,1.109,2003-11-01,0,0,1,1
20300028,12,1610612753,1610612765,436,692,1731,1742,2558,1088,1112,1497,1888,2246,73,0,0,0.0,-1.667,2224,2297,4,PT10M56.00S,4,PT09M43.00S,0,0,0,0,-5.459,1.109,-5.459,-0.559,2003-11-01,0,0,1,1
20300028,13,1610612753,1610612765,436,1731,1742,2051,2558,722,1088,1112,1497,1888,111,0,0,1.13,0.0,2297,2408,4,PT09M43.00S,4,PT07M52.00S,0,0,0,0,-5.459,-0.559,-4.329,-0.559,2003-11-01,0,0,1,1
20300029,0,1610612737,1610612754,689,949,1536,1891,1901,72,979,1897,1902,2410,243,0,0,-0.706,1.035,0,243,1,PT12M00.00S,1,PT07M57.00S,0,0,0,0,0.0,0.0,-0.706,1.035,2003-11-01,0,0,1,1
20300029,1,1610612737,1610612754,689,949,1536,1891,1901,72,979,1733,1897,1902,196,0,0,-1.705,-1.346,243,439,1,PT07M57.00S,1,PT04M41.00S,0,0,0,0,-0.706,1.035,-2.41,-0.311,2003-11-01,0,0,1,1
20300029,2,1610612737,1610612754,689,949,1536,1891,2564,979,1533,1733,1902,2410,68,0,0,0.0,0.0,439,507,1,PT04M41.00S,1,PT03M33.00S,0,0,0,0,-2.41,-0.311,-2.41,-0.311,2003-11-01,0,0,1,1
20300029,3,1610612737,1610612754,949,1536,1737,1891,2564,979,1533,1733,1897,1902,34,-19,-9,-19.0,-9.0,507,541,1,PT03M33.00S,1,PT02M59.00S,19,9,0,0,16.59,8.689,-2.41,-0.311,2003-11-01,0,0,1,1
20300029,4,1610612737,1610612754,949,1536,1737,1891,2564,979,1513,1533,1733,1897,79,0,0,0.0,0.0,541,620,1,PT02M59.00S,1,PT01M40.00S,0,0,0,0,-2.41,-0.311,-2.41,-0.311,2003-11-01,0,0,1,1
20300029,5,1610612737,1610612754,949,1737,1891,1924,2564,1506,1513,1533,1733,1897,213,-20,-12,-18.946,-12.0,620,833,1,PT01M40.00S,2,PT10M07.00S,20,12,0,0,17.59,11.689,-1.357,-0.311,2003-11-01,0,0,1,1
20300029,6,1610612737,1610612754,949,1521,1536,1901,1924,1506,1513,1533,1733,1897,38,0,0,0.0,0.0,833,871,2,PT10M07.00S,2,PT09M29.00S,0,0,0,0,-1.357,-0.311,-1.357,-0.311,2003-11-01,0,0,1,1
20300029,7,1610612737,1610612754,949,1521,1536,1901,1924,72,979,1506,1733,2410,158,0,0,1.002,0.964,871,1029,2,PT09M29.00S,2,PT06M51.00S,0,0,0,0,-1.357,-0.311,-0.354,0.653,2003-11-01,0,0,1,1
20300029,8,1610612737,1610612754,949,1521,1536,1901,1924,72,979,1506,1733,1897,29,0,0,0.0,0.0,1029,1058,2,PT06M51.00S,2,PT06M22.00S,0,0,0,0,-0.354,0.653,-0.354,0.653,2003-11-01,0,0,1,1
20300029,9,1610612737,1610612754,949,1521,1536,1901,1924,72,979,1533,1897,1902,27,0,0,0.0,0.0,1058,1085,2,PT06M22.00S,2,PT05M55.00S,0,0,0,0,-0.354,0.653,-0.354,0.653,2003-11-01,0,0,1,1
20300029,10,1610612737,1610612754,949,1737,1891,1901,2564,979,1533,1733,1897,1902,93,0,0,0.0,1.126,1230,1323,2,PT03M30.00S,2,PT01M57.00S,0,0,0,0,-0.354,1.769,-0.354,2.896,2003-11-01,0,0,1,1
20300029,11,1610612737,1610612754,949,1737,1891,1901,2564,979,1513,1533,1733,1897,49,0,0,0.0,-0.0,1323,1372,2,PT01M57.00S,2,PT01M08.00S,0,0,0,0,-0.354,2.896,-0.354,2.896,2003-11-01,0,0,1,1
20300029,12,1610612737,1610612754,949,1536,1891,1901,2564,72,1513,1533,1733,1897,129,0,0,0.909,-1.591,1372,1501,2,PT01M08.00S,3,PT10M59.00S,0,0,0,0,-0.354,2.896,0.555,1.305,2003-11-01,0,0,1,1
20300029,13,1610612737,1610612754,949,1536,1891,1901,2564,72,1513,1533,1733,1897,197,0,0,-0.0,-0.651,1501,1698,3,PT10M59.00S,3,PT07M42.00S,0,0,0,0,0.555,1.305,0.555,0.654,2003-11-01,0,0,1,1
20300030,0,1610612740,1610612738,133,136,248,1884,2048,452,1548,1718,2208,2229,252,0,0,1.994,0.917,0,252,1,PT12M00.00S,1,PT07M48.00S,0,0,0,0,0.0,0.0,1.994,0.917,2003-11-01,0,0,1,1
20300030,1,1610612740,1610612738,133,136,248,1884,2048,1499,1711,1718,2208,2229,173,0,0,-5.16,-0.554,252,425,1,PT07M48.00S,1,PT04M55.00S,0,0,0,0,1.994,0.917,-3.165,0.364,2003-11-01,0,0,1,1
20300030,2,1610612740,1610612738,133,136,248,1884,2048,962,1499,1711,1718,2556,91,0,0,-2.379,-0.459,425,516,1,PT04M55.00S,1,PT03M24.00S,0,0,0,0,-3.165,0.364,-5.544,-0.096,2003-11-01,0,0,1,1
20300030,3,1610612740,1610612738,133,248,1714,1884,2048,962,1499,1711,2412,2556,30,0,0,0.0,-0.0,516,546,1,PT03M24.00S,1,PT02M54.00S,0,0,0,0,-5.544,-0.096,-5.544,-0.096,2003-11-01,0,0,1,1
20300030,4,1610612740,1610612738,133,248,353,399,1714,962,1499,1711,2412,2556,96,0,0,0.0,0.0,546,642,1,PT02M54.00S,1,PT01M18.00S,0,0,0,0,-5.544,-0.096,-5.544,-0.096,2003-11-01,0,0,1,1
20300030,5,1610612740,1610612738,133,278,353,399,1714,962,1548,1711,2412,2556,104,0,0,2.059,-1.67,642,746,1,PT01M18.00S,2,PT11M34.00S,0,0,0,0,-5.544,-0.096,-3.486,-1.765,2003-11-01,0,0,1,1
20300030,6,1610612740,1610612738,133,278,353,399,1714,452,962,1548,2412,2556,21,0,0,0.0,0.0,746,767,2,PT11M34.00S,2,PT11M13.00S,0,0,0,0,-3.486,-1.765,-3.486,-1.765,2003-11-01,0,0,1,1
20300030,7,1610612740,1610612738,133,278,353,399,1714,452,962,1548,2208,2556,86,0,0,-1.771,0.0,767,853,2,PT11M13.00S,2,PT09M47.00S,0,0,0,0,-3.486,-1.765,-5.257,-1.765,2003-11-01,0,0,1,1
20300030,8,1610612740,1610612738,133,278,353,399,1714,452,962,1548,2208,2229,73,0,0,0.0,-1.578,853,926,2,PT09M47.00S,2,PT08M34.00S,0,0,0,0,-5.257,-1.765,-5.257,-3.344,2003-11-01,0,0,1,1
20300030,9,1610612740,1610612738,133,136,278,353,2048,452,962,1711,2208,2229,82,0,0,0.0,0.0,926,1008,2,PT08M34.00S,2,PT07M12.00S,0,0,0,0,-5.257,-3.344,-5.257,-3.344,2003-11-01,0,0,1,1
20300030,10,1610612740,1610612738,133,136,278,353,2048,452,962,1499,2208,2229,11,0,0,0.0,0.0,1008,1019,2,PT07M12.00S,2,PT07M01.00S,0,0,0,0,-5.257,-3.344,-5.257,-3.344,2003-11-01,0,0,1,1
20300030,11,1610612740,1610612738,278,353,399,1714,2561,962,1499,1711,2229,2412,66,75,75,75.0,75.0,1987,2053,3,PT02M53.00S,3,PT01M47.00S,0,0,75,75,-6.432,0.526,68.568,75.526,2003-11-01,0,0,1,1
20300030,12,1610612740,1610612738,278,353,399,1714,2561,452,962,1499,2229,2412,78,-75,-75,-76.678,-75.0,2053,2131,3,PT01M47.00S,3,PT00M28.60S,75,75,0,0,68.568,75.526,-8.11,0.526,2003-11-01,0,0,1,1
20300031,0,1610612750,1610612761,84,208,708,1709,2058,213,688,966,1541,1713,339,10,2,10.0,2.908,0,339,1,PT12M00.00S,1,PT06M21.00S,0,0,10,2,0.0,0.0,10.0,2.908,2003-11-01,0,0,1,1
20300031,1,1610612750,1610612761,84,208,708,1709,2058,213,688,966,1713,1960,90,2,4,2.0,4.0,339,429,1,PT06M21.00S,1,PT04M51.00S,10,2,12,6,10.0,2.908,12.0,6.908,2003-11-01,0,0,1,1
20300031,2,1610612750,1610612761,84,208,708,718,1709,213,688,966,1713,1960,184,6,4,6.0,4.0,429,613,1,PT04M51.00S,1,PT01M47.00S,12,6,18,10,12.0,6.908,18.0,10.908,2003-11-01,0,0,1,1
20300031,3,1610612750,1610612761,84,708,718,911,2693,213,441,966,1713,1960,43,2,2,2.0,2.0,613,656,1,PT01M47.00S,1,PT01M04.00S,18,10,20,12,18.0,10.908,20.0,12.908,2003-11-01,0,0,1,1
20300031,4,1610612750,1610612761,84,708,718,911,2693,213,441,1713,1960,2547,150,2,0,2.962,0.0,656,806,1,PT01M04.00S,2,PT10M34.00S,20,12,22,12,20.0,12.908,22.962,12.908,2003-11-01,0,0,1,1
20300031,5,1610612750,1610612761,697,708,718,2058,2693,213,441,1713,1960,2547,75,2,1,2.0,1.0,806,881,2,PT10M34.00S,2,PT09M19.00S,22,12,24,13,22.962,12.908,24.962,13.908,2003-11-01,0,0,1,1
20300031,6,1610612750,1610612761,208,697,718,1900,2058,213,441,1713,1960,2547,48,0,3,0.0,3.0,881,929,2,PT09M19.00S,2,PT08M31.00S,24,13,24,16,24.962,13.908,24.962,16.908,2003-11-01,0,0,1,1
20300031,7,1610612750,1610612761,208,697,718,1709,1900,213,441,1713,1960,2547,77,4,0,4.0,0.0,929,1006,2,PT08M31.00S,2,PT07M14.00S,24,16,28,16,24.962,16.908,28.962,16.908,2003-11-01,0,0,1,1
20300031,8,1610612750,1610612761,84,208,697,708,718,213,441,1541,1713,2547,180,7,6,5.347,6.0,1208,1388,2,PT03M52.00S,2,PT00M51.80S,32,23,39,29,32.962,22.309,38.309,28.309,2003-11-01,0,0,1,1
20300031,9,1610612750,1610612761,84,208,697,708,718,213,441,966,1541,2050,404,10,9,6.687,8.228,1388,1792,2,PT00M51.80S,3,PT06M08.00S,39,29,49,38,38.309,28.309,44.996,36.537,2003-11-01,0,0,1,1
20300031,10,1610612750,1610612761,84,697,718,2058,2693,441,1960,2040,2050,2547,256,8,1,4.462,1.0,1945,2201,3,PT03M35.00S,4,PT11M19.00S,51,41,59,42,48.208,39.537,52.67,40.537,2003-11-01,0,0,1,1
20300031,11,1610612750,1610612761,697,708,718,2058,2693,441,1960,2040,2050,2547,151,4,3,4.0,4.108,2201,2352,4,PT11M19.00S,4,PT08M48.00S,59,42,63,45,52.67,40.537,56.67,44.645,2003-11-01,0,0,1,1
20300031,12,1610612750,1610612761,697,708,718,1709,2693,441,1960,2040,2050,2547,123,2,2,3.212,3.164,2352,2475,4,PT08M48.00S,4,PT06M45.00S,63,45,65,47,56.67,44.645,59.882,47.808,2003-11-01,0,0,1,1
20300031,13,1610612750,1610612761,84,697,708,1709,2693,213,441,1541,1713,2547,66,0,2,0.0,2.0,2475,2541,4,PT06M45.00S,4,PT05M39.00S,65,47,65,49,59.882,47.808,59.882,49.808,2003-11-01,0,0,1,1
20300031,14,1610612750,1610612761,84,208,697,708,1709,213,441,1541,1713,2547,244,6,2,6.0,2.0,2541,2785,4,PT05M39.00S,4,PT01M35.00S,65,49,71,51,59.882,49.808,65.882,51.808,2003-11-01,0,0,1,1
20300031,15,1610612750,1610612761,84,911,1900,2569,2693,1960,2040,2050,2370,2423,95,2,5,2.0,4.191,2785,2880,4,PT01M35.00S,4,PT00M00.00S,71,51,73,56,65.882,51.808,67.882,55.999,2003-11-01,1,0,1,1
20300032,0,1610612749,1610612741,693,1501,1730,2072,2551,147,383,2037,2199,2201,437,0,0,3.333,2.008,0,437,1,PT12M00.00S,1,PT04M43.00S,0,0,0,0,0.0,0.0,3.333,2.008,2003-11-01,0,0,1,1
20300032,1,1610612749,1610612741,389,1730,1800,2046,2072,147,923,1944,2037,2201,63,0,0,1.109,0.0,437,500,1,PT04M43.00S,1,PT03M40.00S,0,0,0,0,3.333,2.008,4.441,2.008,2003-11-01,0,0,1,1
20300032,2,1610612749,1610612741,389,1800,2046,2072,2429,147,923,1944,2033,2037,35,0,0,0.0,0.0,500,535,1,PT03M40.00S,1,PT03M05.00S,0,0,0,0,4.441,2.008,4.441,2.008,2003-11-01,0,0,1,1
20300032,3,1610612749,1610612741,389,1800,2046,2072,2429,923,937,1944,2033,2037,139,0,0,-1.906,-1.653,535,674,1,PT03M05.00S,1,PT00M45.70S,0,0,0,0,4.441,2.008,2.536,0.356,2003-11-01,0,0,1,1
20300032,4,1610612749,1610612741,389,1800,2046,2072,2429,937,1944,2033,2037,2437,93,0,0,-0.652,0.927,674,767,1,PT00M45.70S,2,PT11M13.00S,0,0,0,0,2.536,0.356,1.884,1.283,2003-11-01,0,0,1,1
20300032,5,1610612749,1610612741,389,1730,1800,2046,2072,937,1944,2033,2037,2437,177,0,0,-1.755,0.927,767,944,2,PT11M13.00S,2,PT08M16.00S,0,0,0,0,1.884,1.283,0.128,2.21,2003-11-01,0,0,1,1
20300032,6,1610612749,1610612741,693,1730,2046,2072,2551,147,1944,2033,2037,2201,168,0,0,0.0,-3.305,944,1112,2,PT08M16.00S,2,PT05M28.00S,0,0,0,0,0.128,2.21,0.128,-1.095,2003-11-01,0,0,1,1
20300032,7,1610612749,1610612741,693,1730,2046,2072,2551,147,383,2033,2037,2201,445,-32,-33,-29.818,-32.466,1177,1622,2,PT04M23.00S,3,PT08M58.00S,32,33,0,0,32.128,31.905,2.311,-0.561,2003-11-01,0,0,1,1
20300032,8,1610612749,1610612741,693,1730,2046,2072,2551,147,383,923,2033,2037,27,0,0,0.0,0.0,1622,1649,3,PT08M58.00S,3,PT08M31.00S,0,0,0,0,2.311,-0.561,2.311,-0.561,2003-11-01,0,0,1,1
20300032,9,1610612749,1610612741,389,693,2046,2072,2551,147,383,923,2033,2037,66,0,0,-1.598,0.0,1649,1715,3,PT08M31.00S,3,PT07M25.00S,0,0,0,0,2.311,-0.561,0.713,-0.561,2003-11-01,0,0,1,1
20300032,10,1610612749,1610612741,389,693,2046,2072,2551,147,383,923,2033,2037,126,0,0,-1.716,1.052,1715,1841,3,PT07M25.00S,3,PT05M19.00S,0,0,0,0,0.713,-0.561,-1.003,0.491,2003-11-01,0,0,1,1
20300032,11,1610612749,1610612741,389,693,1800,2046,2072,923,937,1944,2033,2037,45,63,50,63.0,50.0,1902,1947,3,PT04M18.00S,3,PT03M33.00S,0,0,63,50,-1.003,0.491,61.997,50.491,2003-11-01,0,0,1,1
20300032,12,1610612749,1610612741,389,693,1800,2046,2072,937,1944,2033,2037,2437,18,-63,-50,-63.0,-50.0,1947,1965,3,PT03M33.00S,3,PT03M15.00S,63,50,0,0,61.997,50.491,-1.003,0.491,2003-11-01,0,0,1,1
20300032,13,1610612749,1610612741,389,1730,1800,2046,2072,937,1944,2033,2037,2437,342,0,0,0.468,2.785,1965,2307,3,PT03M15.00S,4,PT09M33.00S,0,0,0,0,-1.003,0.491,-0.535,3.276,2003-11-01,0,0,1,1
20300033,0,1610612742,1610612762,714,952,959,960,1717,731,1723,1905,2052,2221,250,0,0,-1.497,0.0,0,250,1,PT12M00.00S,1,PT07M50.00S,0,0,0,0,0.0,0.0,-1.497,0.0,2003-11-01,0,0,1,1
20300033,1,1610612742,1610612762,714,952,959,960,1717,731,1723,1905,2052,2590,213,0,0,3.331,1.156,250,463,1,PT07M50.00S,1,PT04M17.00S,0,0,0,0,-1.497,0.0,1.834,1.156,2003-11-01,0,0,1,1
20300033,2,1610612742,1610612762,714,952,959,1712,1717,1723,1905,2052,2260,2590,120,0,0,-1.537,0.994,463,583,1,PT04M17.00S,1,PT02M17.00S,0,0,0,0,1.834,1.156,0.296,2.15,2003-11-01,0,0,1,1
20300033,3,1610612742,1610612762,714,762,959,1712,1717,1723,1952,2052,2260,2590,17,22,21,22.0,22.22,583,600,1,PT02M17.00S,1,PT02M00.00S,0,0,22,21,0.296,2.15,22.296,24.37,2003-11-01,0,0,1,1
20300033,4,1610612742,1610612762,714,762,952,959,1712,1723,1952,2052,2260,2590,85,3,4,4.252,3.527,600,685,1,PT02M00.00S,1,PT00M35.00S,22,21,25,25,22.296,24.37,26.549,27.897,2003-11-01,0,0,1,1
20300033,5,1610612742,1610612762,696,714,762,952,1712,1905,1952,2052,2260,2590,33,3,1,3.0,1.0,685,718,1,PT00M35.00S,1,PT00M01.60S,25,25,28,26,26.549,27.897,29.549,28.897,2003-11-01,0,0,1,1
20300033,6,1610612742,1610612762,696,714,952,1712,2059,1905,1952,2052,2260,2590,100,-28,-26,-28.0,-24.985,718,818,1,PT00M01.60S,2,PT10M22.00S,28,26,0,0,29.549,28.897,1.549,3.912,2003-11-01,0,0,1,1
20300033,7,1610612742,1610612762,696,714,1712,1717,2059,1905,1952,2052,2260,2590,47,0,0,0.0,0.0,818,865,2,PT10M22.00S,2,PT09M35.00S,0,0,0,0,1.549,3.912,1.549,3.912,2003-11-01,0,0,1,1
20300033,8,1610612742,1610612762,696,714,1712,1717,2059,1905,1952,2052,2221,2260,122,0,0,0.0,0.0,865,987,2,PT09M35.00S,2,PT07M33.00S,0,0,0,0,1.549,3.912,1.549,3.912,2003-11-01,0,0,1,1
20300033,9,1610612742,1610612762,696,960,1712,1717,2059,1052,1905,1952,2052,2221,50,34,31,34.0,31.0,987,1037,2,PT07M33.00S,2,PT06M43.00S,0,0,34,31,1.549,3.912,35.549,34.912,2003-11-01,0,0,1,1
20300033,10,1610612742,1610612762,959,960,1712,1717,2059,1052,1723,1905,2052,2221,35,0,0,0.0,0.0,1174,1209,2,PT04M26.00S,2,PT03M51.00S,0,0,0,0,2.713,3.912,2.713,3.912,2003-11-01,0,0,1,1
20300033,11,1610612742,1610612762,959,960,1712,1717,2059,1052,1723,1905,1952,2052,49,0,0,-1.633,0.0,1209,1258,2,PT03M51.00S,2,PT03M02.00S,0,0,0,0,2.713,3.912,1.08,3.912,2003-11-01,0,0,1,1
20300033,12,1610612742,1610612762,952,959,960,1712,2059,1052,1723,1905,1952,2052,168,52,44,54.505,44.0,1258,1426,2,PT03M02.00S,2,PT00M14.40S,0,0,52,44,1.08,3.912,55.584,47.912,2003-11-01,0,0,1,1
20300033,13,1610612742,1610612762,762,952,959,960,1712,1052,1723,1905,1952,2052,263,-52,-44,-58.463,-46.449,1426,1689,2,PT00M14.40S,3,PT07M51.00S,52,44,0,0,55.584,47.912,-2.879,1.463,2003-11-01,0,0,1,1
20300033,14,1610612742,1610612762,696,762,952,960,1712,1052,1723,1952,2052,2260,90,0,0,-0.502,-1.545,1827,1917,3,PT05M33.00S,3,PT04M03.00S,0,0,0,0,0.574,1.463,0.071,-0.082,2003-11-01,0,0,1,1
20300033,15,1610612742,1610612762,696,762,952,960,1712,1052,1905,1952,2052,2260,58,0,0,0.0,0.994,1917,1975,3,PT04M03.00S,3,PT03M05.00S,0,0,0,0,0.071,-0.082,0.071,0.911,2003-11-01,0,0,1,1
20300033,16,1610612742,1610612762,696,714,762,952,1712,1052,1905,1952,2562,2590,219,8,9,8.975,9.739,2113,2332,3,PT00M47.10S,4,PT09M08.00S,96,73,104,82,94.359,76.327,103.334,86.066,2003-11-01,0,0,1,1
20300033,17,1610612742,1610612762,696,714,952,1504,1712,1052,1905,1952,2562,2590,47,-104,-82,-104.0,-82.0,2332,2379,4,PT09M08.00S,4,PT08M21.00S,104,82,0,0,103.334,86.066,-0.666,4.066,2003-11-01,0,0,1,1
20300033,18,1610612742,1610612762,696,714,1504,1712,2605,731,1052,1952,2562,2590,145,0,0,0.0,-1.545,2379,2524,4,PT08M21.00S,4,PT05M56.00S,0,0,0,0,-0.666,4.066,-0.666,2.521,2003-11-01,0,0,1,1
20300033,19,1610612742,1610612762,696,714,1504,1712,2605,731,1052,2052,2562,2590,222,123,98,123.0,97.193,2524,2746,4,PT05M56.00S,4,PT02M14.00S,0,0,123,98,-0.666,2.521,122.334,99.713,2003-11-01,0,0,1,1
20300033,20,1610612742,1610612762,696,714,1504,1712,2605,731,1052,2221,2562,2590,134,4,4,4.0,4.0,2746,2880,4,PT02M14.00S,4,PT00M00.00S,123,98,127,102,122.334,99.713,126.334,103.713,2003-11-01,0,0,1,1
20300034,0,1610612745,1610612763,754,1509,1749,1883,2397,1715,1899,2031,2034,2200,415,0,0,-1.607,0.298,0,415,1,PT12M00.00S,1,PT05M05.00S,0,0,0,0,0.0,0.0,-1.607,0.298,2003-11-01,0,0,1,1
