game_id,stint_index,home_id,away_id,home_p1,home_p2,home_p3,home_p4,home_p5,away_p1,away_p2,away_p3,away_p4,away_p5,seconds,home_pts,away_pts,home_pts_adj,away_pts_adj,start_elapsed,end_elapsed,start_period,start_clock,end_period,end_clock,start_home_score,start_away_score,end_home_score,end_away_score,start_home_score_adj,start_away_score_adj,end_home_score_adj,end_away_score_adj,date,home_inferred_count,away_inferred_count,home_lineup_complete,away_lineup_complete
20400001,0,1610612765,1610612745,739,1112,1497,1888,2419,369,754,1503,1508,2397,459,13,8,12.403,9.098,0,459,1,PT12M00.00S,1,PT04M21.00S,0,0,13,8,0.0,0.0,12.403,9.098,2004-11-02,0,0,1,1
20400001,1,1610612765,1610612745,739,1112,1497,1888,2419,369,754,1508,2397,2411,71,3,2,3.0,2.0,459,530,1,PT04M21.00S,1,PT03M10.00S,13,8,16,10,12.403,9.098,15.403,11.098,2004-11-02,0,0,1,1
20400001,2,1610612765,1610612745,739,1112,1497,1888,2419,754,1508,1731,2397,2411,11,0,0,0.0,0.0,530,541,1,PT03M10.00S,1,PT02M59.00S,16,10,16,10,15.403,11.098,15.403,11.098,2004-11-02,0,0,1,1
20400001,3,1610612765,1610612745,686,1112,1497,1888,2419,87,754,1508,1731,2411,126,0,6,1.128,2.582,541,667,1,PT02M59.00S,1,PT00M52.80S,19,10,19,16,18.403,11.098,19.53,13.68,2004-11-02,0,0,1,1
20400001,4,1610612765,1610612745,686,1112,1497,1888,2568,87,754,1508,1731,2411,100,0,2,1.111,3.018,667,767,1,PT00M52.80S,2,PT11M13.00S,19,16,19,18,19.53,13.68,20.642,16.698,2004-11-02,0,0,1,1
20400001,5,1610612765,1610612745,686,1112,1497,1888,2568,87,1503,1508,1731,2411,70,0,0,0.0,0.0,767,837,2,PT11M13.00S,2,PT10M03.00S,19,18,19,18,20.642,16.698,20.642,16.698,2004-11-02,0,0,1,1
20400001,6,1610612765,1610612745,686,1032,1112,1497,2568,87,1503,1508,1731,2411,252,3,7,5.048,5.358,837,1089,2,PT10M03.00S,2,PT05M51.00S,19,18,22,25,20.642,16.698,25.69,22.056,2004-11-02,0,0,1,1
20400001,7,1610612765,1610612745,739,1032,1112,1497,2568,87,1503,1508,1731,2411,62,2,3,2.0,3.0,1089,1151,2,PT05M51.00S,2,PT04M49.00S,22,25,24,28,25.69,22.056,27.69,25.056,2004-11-02,0,1,1,1
20400001,8,1610612765,1610612745,739,1112,1497,1888,2419,87,754,1508,1731,2411,115,6,2,6.0,2.0,1151,1266,2,PT04M49.00S,2,PT02M54.00S,24,28,30,30,27.69,25.056,33.69,27.056,2004-11-02,0,1,1,1
20400001,9,1610612765,1610612745,739,1112,1497,1888,2419,87,369,754,1508,2411,63,2,1,3.115,2.025,1266,1329,2,PT02M54.00S,2,PT01M51.00S,30,30,32,31,33.69,27.056,36.805,29.081,2004-11-02,0,1,1,1
20400001,10,1610612765,1610612745,922,1112,1497,1888,2419,87,369,754,1508,2411,10,1,1,1.0,1.0,1329,1339,2,PT01M51.00S,2,PT01M41.00S,32,31,33,32,36.805,29.081,37.805,30.081,2004-11-02,0,1,1,1
20400001,11,1610612765,1610612745,922,1112,1497,1888,2419,87,369,1508,1731,2411,30,2,2,2.0,2.0,1387,1417,2,PT00M53.10S,2,PT00M22.70S,35,34,37,36,39.805,32.081,41.805,34.081,2004-11-02,0,1,1,1
20400001,12,1610612765,1610612745,283,922,1112,1497,2419,87,221,369,1731,2411,395,12,10,13.128,10.0,1417,1812,2,PT00M22.70S,3,PT05M48.00S,37,36,49,46,41.805,34.081,54.932,44.081,2004-11-02,0,1,1,1
20400001,13,1610612765,1610612745,283,922,1032,1112,1497,87,221,369,1731,2411,210,6,13,3.678,7.918,1812,2022,3,PT05M48.00S,3,PT02M18.00S,49,46,55,59,54.932,44.081,58.61,52.0,2004-11-02,0,1,1,1
20400002,0,1610612742,1610612758,714,956,1717,2572,2734,185,978,1710,1802,2230,419,0,0,-0.592,3.374,0,419,1,PT12M00.00S,1,PT05M01.00S,0,0,0,0,0.0,0.0,-0.592,3.374,2004-11-02,0,0,1,1
20400002,1,1610612742,1610612758,711,956,1717,2605,2734,185,978,1710,1802,2230,122,-17,-10,-17.0,-10.0,419,541,1,PT05M01.00S,1,PT02M59.00S,17,10,0,0,16.408,13.374,-0.592,3.374,2004-11-02,0,0,1,1
20400002,2,1610612742,1610612758,711,956,1717,1891,2605,185,978,1710,1802,2440,97,0,0,-1.589,0.0,541,638,1,PT02M59.00S,1,PT01M22.00S,0,0,0,0,-0.592,3.374,-2.181,3.374,2004-11-02,0,0,1,1
20400002,3,1610612742,1610612758,673,711,956,1891,2605,185,731,978,1517,2440,196,-29,-21,-27.882,-19.86,638,834,1,PT01M22.00S,2,PT10M06.00S,29,21,0,0,26.819,24.374,-1.063,4.514,2004-11-02,0,0,1,1
20400002,4,1610612742,1610612758,673,711,956,1891,2605,185,731,1517,2440,2755,179,0,0,2.059,0.0,834,1013,2,PT10M06.00S,2,PT07M07.00S,0,0,0,0,-1.063,4.514,0.997,4.514,2004-11-02,0,0,1,1
20400002,5,1610612742,1610612758,673,714,956,2572,2734,185,731,1517,2440,2755,42,0,0,0.0,0.0,1013,1055,2,PT07M07.00S,2,PT06M25.00S,0,0,0,0,0.997,4.514,0.997,4.514,2004-11-02,0,0,1,1
20400002,6,1610612742,1610612758,673,711,714,956,2734,185,731,1517,2440,2755,91,0,0,2.071,1.021,1055,1146,2,PT06M25.00S,2,PT04M54.00S,0,0,0,0,0.997,4.514,3.068,5.535,2004-11-02,0,0,1,1
20400002,7,1610612742,1610612758,673,711,956,2605,2734,185,978,1710,1802,2440,80,0,0,1.001,1.14,1846,1926,3,PT05M14.00S,3,PT03M54.00S,0,0,0,0,-0.547,5.096,0.454,6.235,2004-11-02,0,0,1,1
20400002,8,1610612742,1610612758,673,711,956,1891,2605,185,978,1710,1802,2440,54,0,0,0.0,-1.612,1926,1980,3,PT03M54.00S,3,PT03M00.00S,0,0,0,0,0.454,6.235,0.454,4.623,2004-11-02,0,0,1,1
20400002,9,1610612742,1610612758,673,714,1717,1891,2605,731,978,1710,2440,2443,64,-84,-70,-82.794,-70.0,2284,2348,4,PT09M56.00S,4,PT08M52.00S,84,70,0,0,82.949,72.899,0.155,2.899,2004-11-02,0,0,1,1
20400002,10,1610612742,1610612758,673,714,1717,1891,2605,731,1710,2230,2440,2443,93,0,0,0.0,0.0,2348,2441,4,PT08M52.00S,4,PT07M19.00S,0,0,0,0,0.155,2.899,0.155,2.899,2004-11-02,0,0,1,1
20400002,11,1610612742,1610612758,714,956,1717,2605,2734,185,1710,1802,2230,2440,75,0,0,0.0,1.048,2441,2516,4,PT07M19.00S,4,PT06M04.00S,0,0,0,0,0.155,2.899,0.155,3.947,2004-11-02,0,0,1,1
20400002,12,1610612742,1610612758,714,956,1717,2605,2734,185,978,1710,1802,2440,198,0,0,-3.179,0.517,2516,2714,4,PT06M04.00S,4,PT02M46.00S,0,0,0,0,0.155,3.947,-3.024,4.464,2004-11-02,0,0,1,1
20400002,13,1610612742,1610612758,714,956,1717,2572,2734,185,978,1710,1802,2440,107,0,0,0.0,0.328,2714,2821,4,PT02M46.00S,4,PT00M58.70S,0,0,0,0,-3.024,4.464,-3.024,4.792,2004-11-02,0,0,1,1
20400002,14,1610612742,1610612758,714,956,1717,1891,2605,185,978,1710,1802,2440,43,0,0,0.0,0.0,2821,2864,4,PT00M58.70S,4,PT00M15.50S,0,0,0,0,-3.024,4.792,-3.024,4.792,2004-11-02,0,0,1,1
20400002,15,1610612742,1610612758,714,1717,1891,2572,2605,185,978,1710,1802,2440,11,106,98,106.0,99.021,2864,2875,4,PT00M15.50S,4,PT00M05.00S,0,0,106,98,-3.024,4.792,102.976,103.812,2004-11-02,0,0,1,1
20400002,16,1610612742,1610612758,673,714,1891,2572,2605,185,978,1710,1802,2440,5,1,0,1.0,0.983,2875,2880,4,PT00M05.00S,4,PT00M00.00S,106,98,107,98,102.976,103.812,103.976,104.795,2004-11-02,0,0,1,1
20400003,0,1610612747,1610612743,977,1088,1885,2036,2406,702,948,1889,2030,2546,236,0,0,-1.55,-0.48,0,236,1,PT12M00.00S,1,PT08M04.00S,0,0,0,0,0.0,0.0,-1.55,-0.48,2004-11-02,0,0,1,1
20400003,1,1610612747,1610612743,977,1088,2036,2406,2567,702,948,1889,2030,2546,39,10,7,10.0,7.0,236,275,1,PT08M04.00S,1,PT07M25.00S,0,0,10,7,-1.55,-0.48,8.45,6.52,2004-11-02,0,0,1,1
20400003,2,1610612747,1610612743,977,1088,2036,2406,2567,702,948,1889,2403,2546,58,-10,-7,-10.0,-8.708,275,333,1,PT07M25.00S,1,PT06M27.00S,10,7,0,0,8.45,6.52,-1.55,-2.188,2004-11-02,0,0,1,1
20400003,3,1610612747,1610612743,977,1088,1908,2036,2567,702,948,1889,2403,2546,186,0,0,0.993,0.0,333,519,1,PT06M27.00S,1,PT03M21.00S,0,0,0,0,-1.55,-2.188,-0.557,-2.188,2004-11-02,0,0,1,1
20400003,4,1610612747,1610612743,977,1908,2036,2357,2567,702,948,1889,2403,2546,43,0,0,-1.732,1.071,519,562,1,PT03M21.00S,1,PT02M38.00S,0,0,0,0,-0.557,-2.188,-2.289,-1.117,2004-11-02,0,0,1,1
20400003,5,1610612747,1610612743,977,1908,2036,2357,2567,948,1761,1863,2403,2546,78,0,0,0.0,0.0,562,640,1,PT02M38.00S,1,PT01M20.00S,0,0,0,0,-2.289,-1.117,-2.289,-1.117,2004-11-02,0,0,1,1
20400003,6,1610612747,1610612743,977,1908,2036,2357,2567,1761,1863,1922,2403,2546,6,0,0,0.0,0.0,640,646,1,PT01M20.00S,1,PT01M14.00S,0,0,0,0,-2.289,-1.117,-2.289,-1.117,2004-11-02,0,0,1,1
20400003,7,1610612747,1610612743,258,977,1908,2357,2567,1761,1863,1922,2206,2403,230,0,0,2.186,0.906,646,876,1,PT01M14.00S,2,PT09M24.00S,0,0,0,0,-2.289,-1.117,-0.103,-0.211,2004-11-02,0,0,1,1
20400003,8,1610612747,1610612743,258,977,1885,2357,2406,1863,1922,2206,2403,2546,69,0,0,-0.0,0.0,876,945,2,PT09M24.00S,2,PT08M15.00S,0,0,0,0,-0.103,-0.211,-0.103,-0.211,2004-11-02,0,0,1,1
20400003,9,1610612747,1610612743,258,977,1088,1885,2406,702,948,1889,2030,2546,29,0,0,0.0,-0.0,945,974,2,PT08M15.00S,2,PT07M46.00S,0,0,0,0,-0.103,-0.211,-0.103,-0.211,2004-11-02,0,0,1,1
20400003,10,1610612747,1610612743,977,1088,1885,2036,2406,702,948,1889,2030,2546,170,0,0,-1.25,0.0,974,1144,2,PT07M46.00S,2,PT04M56.00S,0,0,0,0,-0.103,-0.211,-1.352,-0.211,2004-11-02,0,0,1,1
20400003,11,1610612747,1610612743,977,1088,2036,2406,2567,702,948,1889,2030,2546,232,0,0,0.49,1.156,1144,1376,2,PT04M56.00S,2,PT01M04.00S,0,0,0,0,-1.352,-0.211,-0.862,0.945,2004-11-02,0,0,1,1
20400003,12,1610612747,1610612743,977,1088,1908,2036,2567,702,948,1889,2030,2546,52,48,31,48.0,31.0,1376,1428,2,PT01M04.00S,2,PT00M11.90S,0,0,48,31,-0.862,0.945,47.138,31.945,2004-11-02,0,0,1,1
20400003,13,1610612747,1610612743,977,1088,1908,2357,2567,702,948,1863,1889,2546,12,-49,-31,-49.0,-31.0,1428,1440,2,PT00M11.90S,2,PT00M00.20S,49,31,0,0,48.138,31.945,-0.862,0.945,2004-11-02,0,0,1,1
20400003,14,1610612747,1610612743,977,1908,2036,2357,2567,702,948,1889,2030,2546,438,0,0,1.157,-2.115,1440,1878,2,PT00M00.20S,3,PT04M42.00S,0,0,0,0,-0.862,0.945,0.294,-1.17,2004-11-02,0,0,1,1
20400003,15,1610612747,1610612743,977,1908,2036,2357,2567,948,1761,1889,2030,2546,72,64,52,64.0,52.0,1878,1950,3,PT04M42.00S,3,PT03M30.00S,0,0,64,52,0.294,-1.17,64.294,50.83,2004-11-02,0,0,1,1
20400003,16,1610612747,1610612743,977,1908,2036,2357,2567,948,1761,1889,2030,2546,48,-64,-52,-63.033,-50.814,1950,1998,3,PT03M30.00S,3,PT02M42.00S,64,52,0,0,64.294,50.83,1.262,0.015,2004-11-02,0,0,1,1
20400003,17,1610612747,1610612743,977,1908,2036,2357,2567,948,1863,1889,1922,2546,44,0,0,0.0,1.031,2478,2522,4,PT06M42.00S,4,PT05M58.00S,0,0,0,0,1.773,0.363,1.773,1.393,2004-11-02,0,0,1,1
20400003,18,1610612747,1610612743,977,1088,1908,2036,2567,948,1863,1889,2030,2546,57,83,67,83.0,65.161,2522,2579,4,PT05M58.00S,4,PT05M01.00S,0,0,83,67,1.773,1.393,84.773,66.555,2004-11-02,0,0,1,1
20400003,19,1610612747,1610612743,977,1088,1885,2036,2406,948,1863,1889,2030,2546,92,-83,-67,-81.975,-67.0,2579,2671,4,PT05M01.00S,4,PT03M29.00S,83,67,0,0,84.773,66.555,2.798,-0.445,2004-11-02,0,0,1,1
20400003,20,1610612747,1610612743,977,1088,1885,2036,2406,948,1889,2030,2035,2546,173,0,0,0.0,-1.753,2671,2844,4,PT03M29.00S,4,PT00M36.20S,0,0,0,0,2.798,-0.445,2.798,-2.199,2004-11-02,0,0,1,1
20400003,21,1610612747,1610612743,977,1088,1885,2036,2406,1863,1889,2035,2206,2546,36,89,78,89.0,78.0,2844,2880,4,PT00M36.20S,4,PT00M00.00S,0,0,89,78,2.798,-2.199,91.798,75.801,2004-11-02,0,0,1,1
20400004,0,1610612761,1610612745,147,1713,1747,2254,2547,369,754,1503,1508,2397,480,0,0,-0.676,4.218,0,480,1,PT12M00.00S,1,PT04M00.00S,0,0,0,0,0.0,0.0,-0.676,4.218,2004-11-03,0,0,1,1
20400004,1,1610612761,1610612745,147,923,1713,1747,2547,754,1503,1508,1731,2397,33,19,10,19.0,10.0,480,513,1,PT04M00.00S,1,PT03M27.00S,0,0,19,10,-0.676,4.218,18.324,14.218,2004-11-03,0,0,1,1
20400004,2,1610612761,1610612745,147,923,1713,1747,2547,221,754,1503,1508,1731,142,-19,-10,-17.991,-10.0,513,655,1,PT03M27.00S,1,PT01M05.00S,19,10,0,0,18.324,14.218,0.334,4.218,2004-11-03,0,0,1,1
20400004,3,1610612761,1610612745,147,923,1960,2050,2547,221,754,1503,1508,1731,13,0,0,0.0,0.0,655,668,1,PT01M05.00S,1,PT00M51.90S,0,0,0,0,0.334,4.218,0.334,4.218,2004-11-03,0,0,1,1
20400004,4,1610612761,1610612745,147,923,1960,2050,2737,221,754,1508,1731,2411,173,0,0,1.07,0.0,668,841,1,PT00M51.90S,2,PT09M59.00S,0,0,0,0,0.334,4.218,1.403,4.218,2004-11-03,0,0,1,1
20400004,5,1610612761,1610612745,147,923,1960,2050,2547,221,754,1508,1731,2411,65,0,0,0.989,1.067,841,906,2,PT09M59.00S,2,PT08M54.00S,0,0,0,0,1.403,4.218,2.392,5.285,2004-11-03,0,0,1,1
20400004,6,1610612761,1610612745,147,923,1960,2050,2547,221,1503,1508,1731,2411,116,0,0,-1.878,-0.0,906,1022,2,PT08M54.00S,2,PT06M58.00S,0,0,0,0,2.392,5.285,0.514,5.285,2004-11-03,0,0,1,1
20400004,7,1610612761,1610612745,147,923,1713,1747,2547,1508,221,754,1503,1731,100,0,0,-1.697,-1.71,1432,1532,2,PT00M07.60S,3,PT10M28.00S,0,0,0,0,-1.183,4.789,-2.881,3.078,2004-11-03,0,1,1,1
20400004,8,1610612761,1610612745,147,923,1713,1747,2547,1508,221,754,1503,1731,41,0,0,0.0,0.0,1532,1573,3,PT10M28.00S,3,PT09M47.00S,0,0,0,0,-2.881,3.078,-2.881,3.078,2004-11-03,0,1,1,1
20400004,9,1610612761,1610612745,147,923,1713,1747,2547,221,754,1503,1731,2397,315,0,0,2.043,-1.682,1573,1888,3,PT09M47.00S,3,PT04M32.00S,0,0,0,0,-2.881,3.078,-0.837,1.397,2004-11-03,0,1,1,1
20400004,10,1610612761,1610612745,147,923,1713,1747,2547,221,754,1503,1731,2397,123,0,0,-1.697,1.025,1888,2011,3,PT04M32.00S,3,PT02M29.00S,0,0,0,0,-0.837,1.397,-2.535,2.422,2004-11-03,0,1,1,1
20400004,11,1610612761,1610612745,147,923,1747,2050,2547,221,754,1503,1731,2397,47,67,63,67.0,63.0,2011,2058,3,PT02M29.00S,3,PT01M42.00S,0,0,67,63,-2.535,2.422,64.465,65.422,2004-11-03,0,1,1,1
20400004,12,1610612761,1610612745,147,923,1747,2050,2547,2397,221,754,1503,1731,202,-67,-63,-69.394,-63.612,2058,2260,3,PT01M42.00S,4,PT10M20.00S,67,63,0,0,64.465,65.422,-4.929,1.81,2004-11-03,0,1,1,1
20400005,0,1610612753,1610612749,255,1509,1749,1883,2730,693,1496,2072,2429,2590,332,12,13,13.599,14.102,0,332,1,PT12M00.00S,1,PT06M28.00S,0,0,12,13,0.0,0.0,13.599,14.102,2004-11-03,0,0,1,1
20400005,1,1610612753,1610612749,255,1509,1749,1883,2730,1496,2046,2072,2429,2590,69,-12,-13,-12.0,-13.0,332,401,1,PT06M28.00S,1,PT05M19.00S,12,13,0,0,13.599,14.102,1.599,1.102,2004-11-03,0,0,1,1
20400005,2,1610612753,1610612749,255,1499,1749,1883,2730,1496,2046,2072,2429,2590,127,0,0,0.0,0.0,401,528,1,PT05M19.00S,1,PT03M12.00S,0,0,0,0,1.599,1.102,1.599,1.102,2004-11-03,0,0,1,1
20400005,3,1610612753,1610612749,1499,1749,2045,2730,2749,1496,2046,2072,2429,2590,23,0,0,0.0,0.0,528,551,1,PT03M12.00S,1,PT02M49.00S,0,0,0,0,1.599,1.102,1.599,1.102,2004-11-03,0,0,1,1
20400005,4,1610612753,1610612749,1499,1749,2045,2730,2749,1496,2046,2072,2585,2590,17,0,0,1.162,0.0,551,568,1,PT02M49.00S,1,PT02M32.00S,0,0,0,0,1.599,1.102,2.76,1.102,2004-11-03,0,0,1,1
20400005,5,1610612753,1610612749,278,1499,1727,2045,2749,1496,2046,2072,2585,2590,41,0,0,0.0,0.0,568,609,1,PT02M32.00S,1,PT01M51.00S,0,0,0,0,2.76,1.102,2.76,1.102,2004-11-03,0,0,1,1
20400005,6,1610612753,1610612749,278,1499,1727,2045,2749,1065,1496,2046,2585,2590,85,0,0,0.0,0.0,609,694,1,PT01M51.00S,1,PT00M26.50S,0,0,0,0,2.76,1.102,2.76,1.102,2004-11-03,0,0,1,1
20400005,7,1610612753,1610612749,278,1499,1727,2045,2749,389,1065,2046,2585,2590,175,0,0,0.677,0.0,694,869,1,PT00M26.50S,2,PT09M31.00S,0,0,0,0,2.76,1.102,3.437,1.102,2004-11-03,0,0,1,1
20400005,8,1610612753,1610612749,278,1499,1727,1883,2045,389,1065,2046,2585,2590,77,0,0,1.091,0.948,869,946,2,PT09M31.00S,2,PT08M14.00S,0,0,0,0,3.437,1.102,4.529,2.05,2004-11-03,0,0,1,1
20400005,9,1610612753,1610612749,255,1499,1727,1749,1883,389,1065,2046,2585,2590,6,0,0,0.0,0.0,946,952,2,PT08M14.00S,2,PT08M08.00S,0,0,0,0,4.529,2.05,4.529,2.05,2004-11-03,0,0,1,1
20400005,10,1610612753,1610612749,255,1499,1749,1883,2730,389,1065,2046,2585,2590,12,0,0,0.0,0.0,952,964,2,PT08M08.00S,2,PT07M56.00S,0,0,0,0,4.529,2.05,4.529,2.05,2004-11-03,0,0,1,1
20400005,11,1610612753,1610612749,255,1509,1749,1883,2730,389,1065,2046,2585,2590,46,0,0,-0.0,-0.0,964,1010,2,PT07M56.00S,2,PT07M10.00S,0,0,0,0,4.529,2.05,4.529,2.05,2004-11-03,0,0,1,1
20400005,12,1610612753,1610612749,255,1509,1749,1883,2730,693,1065,2046,2585,2590,10,0,0,0.0,0.0,1010,1020,2,PT07M10.00S,2,PT07M00.00S,0,0,0,0,4.529,2.05,4.529,2.05,2004-11-03,0,0,1,1
20400005,13,1610612753,1610612749,255,1509,1749,1883,2730,693,1065,2046,2429,2590,58,0,0,0.0,0.0,1020,1078,2,PT07M00.00S,2,PT06M02.00S,0,0,0,0,4.529,2.05,4.529,2.05,2004-11-03,0,0,1,1
20400005,14,1610612753,1610612749,278,1499,1727,1883,2045,389,1065,2046,2585,2590,48,0,0,-0.0,0.0,1977,2025,3,PT03M03.00S,3,PT02M15.00S,0,0,0,0,6.682,1.466,6.682,1.466,2004-11-03,0,0,1,1
20400005,15,1610612753,1610612749,278,1499,1727,2045,2749,389,1065,2046,2585,2590,96,0,0,0.0,0.0,2025,2121,3,PT02M15.00S,3,PT00M39.20S,0,0,0,0,6.682,1.466,6.682,1.466,2004-11-03,0,0,1,1
20400005,16,1610612753,1610612749,278,1509,1727,2045,2749,389,2046,2072,2585,2590,77,0,5,0.0,5.0,2121,2198,3,PT00M39.20S,4,PT11M22.00S,74,65,74,70,80.682,66.466,80.682,71.466,2004-11-03,0,0,1,1
20400005,17,1610612753,1610612749,278,1509,1727,2045,2749,389,1496,2072,2585,2590,119,-74,-70,-74.0,-72.47,2198,2317,4,PT11M22.00S,4,PT09M23.00S,74,70,0,0,80.682,71.466,6.682,-1.004,2004-11-03,0,0,1,1
20400005,18,1610612753,1610612749,278,1499,1727,2045,2749,389,1496,2072,2585,2590,36,0,0,0.0,0.0,2317,2353,4,PT09M23.00S,4,PT08M47.00S,0,0,0,0,6.682,-1.004,6.682,-1.004,2004-11-03,0,0,1,1
20400005,19,1610612753,1610612749,278,1499,1727,2045,2749,389,1496,2072,2585,2590,110,0,0,0.0,0.0,2353,2463,4,PT08M47.00S,4,PT06M57.00S,0,0,0,0,6.682,-1.004,6.682,-1.004,2004-11-03,0,0,1,1
20400005,20,1610612753,1610612749,255,278,1509,1727,1883,389,1496,2072,2585,2590,15,0,0,0.0,0.0,2861,2876,4,PT00M19.30S,4,PT00M03.50S,0,0,0,0,8.749,-1.815,8.749,-1.815,2004-11-03,0,0,1,1
20400005,21,1610612753,1610612749,255,1727,1749,1883,2045,1065,1496,2046,2072,2590,4,0,0,0.0,0.0,2876,2880,4,PT00M03.50S,4,PT00M00.20S,0,0,0,0,8.749,-1.815,8.749,-1.815,2004-11-03,0,0,1,1
20400006,0,1610612739,1610612754,446,976,980,2400,2544,1506,1513,1536,1897,2224,455,10,16,10.0,18.049,0,455,1,PT12M00.00S,1,PT04M25.00S,0,0,10,16,0.0,0.0,10.0,18.049,2004-11-03,0,0,1,1
20400006,1,1610612739,1610612754,446,976,980,2400,2544,1506,1513,1536,2224,2410,153,6,6,6.0,6.0,455,608,1,PT04M25.00S,1,PT01M52.00S,10,16,16,22,10.0,18.049,16.0,24.049,2004-11-03,0,0,1,1
20400006,2,1610612739,1610612754,446,976,980,2400,2544,1536,1886,2224,2410,2758,56,2,2,2.0,2.875,608,664,1,PT01M52.00S,1,PT00M55.90S,16,22,18,24,16.0,24.049,18.0,26.924,2004-11-03,0,0,1,1
20400006,3,1610612739,1610612754,976,980,2400,2544,2562,1536,1886,2109,2410,2758,49,2,2,2.0,2.0,664,713,1,PT00M55.90S,1,PT00M06.60S,18,24,20,26,18.0,26.924,20.0,28.924,2004-11-03,0,0,1,1
20400006,4,1610612739,1610612754,727,976,2400,2544,2562,1536,1886,2109,2224,2410,117,5,3,5.0,2.201,713,830,1,PT00M06.60S,2,PT10M10.00S,20,26,25,29,20.0,28.924,25.0,31.126,2004-11-03,0,0,1,1
20400006,5,1610612739,1610612754,727,976,1956,2400,2562,1886,1897,2109,2224,2410,9,2,0,2.0,0.0,830,839,2,PT10M10.00S,2,PT10M01.00S,25,29,27,29,25.0,31.126,27.0,31.126,2004-11-03,0,0,1,1
20400006,6,1610612739,1610612754,281,727,976,2400,2544,1506,1513,1536,1897,2224,28,0,0,0.0,0.0,1168,1196,2,PT04M32.00S,2,PT04M04.00S,36,37,36,37,36.0,42.363,36.0,42.363,2004-11-03,0,0,1,1
20400006,7,1610612739,1610612754,727,976,980,2400,2544,1506,1513,1536,1897,2224,71,2,2,2.0,2.0,1196,1267,2,PT04M04.00S,2,PT02M53.00S,36,37,38,39,36.0,42.363,38.0,44.363,2004-11-03,0,0,1,1
20400006,8,1610612739,1610612754,727,976,980,2400,2544,1506,1513,1536,1897,2224,75,0,2,1.254,2.0,1267,1342,2,PT02M53.00S,2,PT01M38.00S,38,39,38,41,38.0,44.363,39.254,46.363,2004-11-03,0,0,1,1
20400006,9,1610612739,1610612754,727,976,980,2400,2544,1513,1536,1897,2224,2410,643,23,16,23.988,17.971,1342,1985,2,PT01M38.00S,3,PT02M55.00S,38,41,61,57,39.254,46.363,63.241,64.333,2004-11-03,0,0,1,1
20400006,10,1610612739,1610612754,727,976,980,2400,2544,1513,1886,1897,2224,2410,78,0,2,0.0,2.0,1985,2063,3,PT02M55.00S,3,PT01M37.00S,61,57,61,59,63.241,64.333,63.241,66.333,2004-11-03,0,0,1,1
20400006,11,1610612739,1610612754,281,727,976,1714,2544,1513,1886,1897,2109,2410,57,0,1,0.0,1.0,2246,2303,4,PT10M34.00S,4,PT09M37.00S,67,67,67,68,67.251,74.333,67.251,75.333,2004-11-03,0,0,1,1
20400006,12,1610612739,1610612754,281,727,976,1714,2544,1513,1536,1886,2109,2410,52,2,0,2.0,0.0,2303,2355,4,PT09M37.00S,4,PT08M45.00S,67,68,69,68,67.251,75.333,69.251,75.333,2004-11-03,0,0,1,1
20400006,13,1610612739,1610612754,281,727,976,1714,1956,1513,1536,1886,2109,2410,56,0,0,0.0,0.0,2355,2411,4,PT08M45.00S,4,PT07M49.00S,69,68,69,68,69.251,75.333,69.251,75.333,2004-11-03,0,0,1,1
20400006,14,1610612739,1610612754,727,976,980,1714,2544,1506,1513,1536,1897,2224,326,7,13,7.0,11.271,2540,2866,4,PT05M40.00S,4,PT00M13.70S,73,70,80,83,73.251,78.326,80.251,89.597,2004-11-03,0,0,1,1
20400006,15,1610612739,1610612754,446,976,980,2544,2562,1506,1536,1897,2224,2410,4,2,1,2.0,1.0,2866,2870,4,PT00M13.70S,4,PT00M10.20S,80,83,82,84,80.251,89.597,82.251,90.597,2004-11-03,0,0,1,1
20400006,16,1610612739,1610612754,446,976,980,2544,2562,1506,1536,1897,2224,2410,10,3,0,1.455,1.033,2870,2880,4,PT00M10.20S,4,PT00M00.00S,82,85,85,85,82.251,91.597,83.706,92.63,2004-11-03,0,0,1,1
20400006,17,1610612739,1610612754,446,727,976,980,2544,1506,1536,1897,2224,2410,297,9,9,7.572,8.147,2880,3177,4,PT00M00.00S,5,PT00M02.90S,85,85,94,94,83.706,92.63,91.278,100.776,2004-11-03,0,0,1,1
20400006,18,1610612739,1610612754,446,727,976,980,2544,1506,1536,1897,2224,2410,76,2,0,2.0,0.978,3177,3253,5,PT00M02.90S,6,PT03M47.00S,94,94,96,94,91.278,100.776,93.278,101.755,2004-11-03,0,0,1,1
20400006,19,1610612739,1610612754,446,727,976,980,2544,1506,1536,1897,2224,2410,2,0,2,0.0,2.0,3466,3468,6,PT00M13.90S,6,PT00M12.10S,104,105,104,107,102.216,109.133,102.216,111.133,2004-11-03,0,0,1,1
20400006,20,1610612739,1610612754,446,727,976,2544,2562,1536,1897,2109,2224,2410,12,0,2,1.162,2.0,3468,3480,6,PT00M12.10S,6,PT00M00.00S,104,107,104,109,102.216,111.133,103.378,113.133,2004-11-03,0,0,1,1
20400007,0,1610612738,1610612755,56,1548,1711,1718,1729,243,947,1531,1903,2738,354,0,0,1.121,0.987,0,354,1,PT12M00.00S,1,PT06M06.00S,0,0,0,0,0.0,0.0,1.121,0.987,2004-11-03,0,0,1,1
20400007,1,1610612738,1610612755,56,339,1548,1718,1729,243,947,1531,1903,2738,191,0,0,2.242,1.39,354,545,1,PT06M06.00S,1,PT02M55.00S,0,0,0,0,1.121,0.987,3.363,2.376,2004-11-03,0,0,1,1
20400007,2,1610612738,1610612755,56,339,1548,1718,2412,722,947,2223,2584,2594,48,0,0,0.0,0.0,545,593,1,PT02M55.00S,1,PT02M07.00S,0,0,0,0,3.363,2.376,3.363,2.376,2004-11-03,0,0,1,1
20400007,3,1610612738,1610612755,339,1548,1718,1729,2412,722,947,2223,2584,2594,22,0,0,0.0,0.0,593,615,1,PT02M07.00S,1,PT01M45.00S,0,0,0,0,3.363,2.376,3.363,2.376,2004-11-03,0,0,1,1
20400007,4,1610612738,1610612755,339,1548,1718,1729,2412,722,2223,2584,2594,2738,47,19,22,19.0,23.214,615,662,1,PT01M45.00S,1,PT00M57.90S,0,0,19,22,3.363,2.376,22.363,25.591,2004-11-03,0,0,1,1
20400007,5,1610612738,1610612755,339,1548,1729,2412,2754,722,2223,2584,2594,2738,14,1,1,1.0,1.0,662,676,1,PT00M57.90S,1,PT00M44.50S,19,22,20,23,22.363,25.591,23.363,26.591,2004-11-03,0,0,1,1
20400007,6,1610612738,1610612755,339,1711,1729,2412,2754,722,2223,2584,2594,2738,34,1,4,1.0,4.0,676,710,1,PT00M44.50S,1,PT00M09.70S,20,23,21,27,23.363,26.591,24.363,30.591,2004-11-03,0,0,1,1
20400007,7,1610612738,1610612755,339,1711,1729,2556,2754,722,2223,2584,2594,2738,110,-21,-27,-20.045,-27.0,710,820,1,PT00M09.70S,2,PT10M20.00S,21,27,0,0,24.363,30.591,4.317,3.591,2004-11-03,0,0,1,1
20400007,8,1610612738,1610612755,962,1711,1729,2556,2754,722,2223,2584,2594,2738,28,0,0,0.0,0.0,820,848,2,PT10M20.00S,2,PT09M52.00S,0,0,0,0,4.317,3.591,4.317,3.591,2004-11-03,0,0,1,1
20400007,9,1610612738,1610612755,56,962,1711,1729,2556,1730,1903,2584,2594,2738,18,0,0,0.0,0.0,848,866,2,PT09M52.00S,2,PT09M34.00S,0,0,0,0,4.317,3.591,4.317,3.591,2004-11-03,0,0,1,1
20400007,10,1610612738,1610612755,56,962,1548,1729,2556,1730,1903,2584,2594,2738,37,0,0,0.976,-1.72,866,903,2,PT09M34.00S,2,PT08M57.00S,0,0,0,0,4.317,3.591,5.293,1.87,2004-11-03,0,0,1,1
20400007,11,1610612738,1610612755,962,1711,2412,2556,2754,1730,1903,2223,2584,2594,30,64,51,64.0,51.0,1582,1612,3,PT09M38.00S,3,PT09M08.00S,0,0,64,51,-1.613,3.834,62.387,54.834,2004-11-03,0,1,1,1
20400007,12,1610612738,1610612755,962,1711,2412,2556,2754,1730,722,2223,2584,2594,258,10,8,9.57,6.28,1612,1870,3,PT09M08.00S,3,PT04M50.00S,64,51,74,59,62.387,54.834,71.957,61.114,2004-11-03,0,1,1,1
20400007,13,1610612738,1610612755,962,1711,2412,2556,2754,1730,722,2223,2584,2594,19,-74,-59,-72.879,-59.0,1870,1889,3,PT04M50.00S,3,PT04M31.00S,74,59,0,0,71.957,61.114,-0.922,2.114,2004-11-03,0,1,1,1
20400007,14,1610612738,1610612755,962,1711,2412,2556,2754,1730,722,1531,2584,2594,67,0,0,0.955,-0.471,1889,1956,3,PT04M31.00S,3,PT03M24.00S,0,0,0,0,-0.922,2.114,0.033,1.643,2004-11-03,0,1,1,1
20400007,15,1610612738,1610612755,339,962,2412,2556,2754,722,1531,1903,2584,2594,16,-77,-63,-77.0,-63.0,1956,1972,3,PT03M24.00S,3,PT03M08.00S,77,63,0,0,77.033,64.643,0.033,1.643,2004-11-03,0,1,1,1
20400008,0,1610612751,1610612748,677,1500,1521,2210,2215,224,406,2446,2548,2617,287,2,13,3.13,11.335,0,287,1,PT12M00.00S,1,PT07M13.00S,0,0,2,13,0.0,0.0,3.13,11.335,2004-11-03,0,0,1,1
20400008,1,1610612751,1610612748,677,1500,1521,2210,2215,224,406,2124,2446,2548,86,2,0,3.13,1.039,287,373,1,PT07M13.00S,1,PT05M47.00S,2,13,4,13,3.13,11.335,6.26,12.374,2004-11-03,0,0,1,1
20400008,2,1610612751,1610612748,297,677,1521,2210,2215,1720,1800,2124,2446,2548,28,0,3,0.0,3.0,373,401,1,PT05M47.00S,1,PT05M19.00S,4,13,4,16,6.26,12.374,6.26,15.374,2004-11-03,0,0,1,1
20400008,3,1610612751,1610612748,297,1500,1521,2210,2215,1720,1800,2124,2446,2548,43,2,2,2.0,2.0,401,444,1,PT05M19.00S,1,PT04M36.00S,4,16,6,18,6.26,15.374,8.26,17.374,2004-11-03,0,0,1,1
20400008,4,1610612751,1610612748,297,1500,2210,2215,2565,1720,1800,2124,2446,2548,90,5,4,5.0,4.0,444,534,1,PT04M36.00S,1,PT03M06.00S,6,18,11,22,8.26,17.374,13.26,21.374,2004-11-03,0,0,1,1
20400008,5,1610612751,1610612748,297,1500,2210,2215,2565,224,406,1720,1800,2548,21,1,0,1.0,0.0,534,555,1,PT03M06.00S,1,PT02M45.00S,11,22,12,22,13.26,21.374,14.26,21.374,2004-11-03,0,0,1,1
20400008,6,1610612751,1610612748,297,1500,2210,2243,2565,224,406,1720,1800,2548,6,0,0,0.0,0.0,555,561,1,PT02M45.00S,1,PT02M39.00S,12,22,12,22,14.26,21.374,14.26,21.374,2004-11-03,0,0,1,1
20400008,7,1610612751,1610612748,1425,1500,2210,2243,2565,224,406,1720,1800,2548,47,3,4,3.0,2.332,561,608,1,PT02M39.00S,1,PT01M52.00S,12,22,15,26,14.26,21.374,17.26,23.705,2004-11-03,0,0,1,1
20400008,8,1610612751,1610612748,1425,1500,1934,2243,2565,224,406,1720,1800,2548,84,0,3,0.993,3.0,608,692,1,PT01M52.00S,1,PT00M27.90S,15,26,15,29,17.26,23.705,18.252,26.705,2004-11-03,0,0,1,1
20400008,9,1610612751,1610612748,1425,1500,1934,2243,2565,224,406,1720,1800,2446,186,6,6,4.841,6.0,692,878,1,PT00M27.90S,2,PT09M22.00S,15,29,21,35,18.252,26.705,23.093,32.705,2004-11-03,0,0,1,1
20400008,10,1610612751,1610612748,696,1425,1934,2243,2565,224,406,1720,1800,2446,36,4,0,4.0,0.0,878,914,2,PT09M22.00S,2,PT08M46.00S,21,35,25,35,23.093,32.705,27.093,32.705,2004-11-03,0,0,1,1
20400008,11,1610612751,1610612748,1425,1500,1934,2243,2565,1720,1800,2124,2446,2548,141,2,5,2.0,6.093,1864,2005,3,PT04M56.00S,3,PT02M35.00S,49,62,51,67,51.978,57.034,53.978,63.127,2004-11-03,0,0,1,1
20400008,12,1610612751,1610612748,696,1425,1934,2243,2565,1720,1800,2124,2446,2548,52,2,2,2.0,2.0,2005,2057,3,PT02M35.00S,3,PT01M43.00S,51,67,53,69,53.978,63.127,55.978,65.127,2004-11-03,0,0,1,1
20400008,13,1610612751,1610612748,696,1425,1934,2243,2565,224,1720,1800,2124,2548,304,7,12,8.13,9.897,2057,2361,3,PT01M43.00S,4,PT08M39.00S,53,69,60,81,55.978,65.127,64.108,75.024,2004-11-03,0,0,1,1
20400008,14,1610612751,1610612748,696,1425,1521,1934,2243,224,1720,1800,2124,2548,45,0,2,0.0,2.0,2361,2406,4,PT08M39.00S,4,PT07M54.00S,60,81,60,83,64.108,75.024,64.108,77.024,2004-11-03,0,0,1,1
20400009,0,1610612763,1610612764,1715,1719,1899,2031,2200,1712,1913,1919,2413,2553,350,0,0,-0.335,-0.651,0,350,1,PT12M00.00S,1,PT06M10.00S,0,0,0,0,0.0,0.0,-0.335,-0.651,2004-11-03,0,0,1,1
20400009,1,1610612763,1610612764,1715,2031,2034,2200,2203,1712,1913,2407,2413,2553,51,0,0,0.0,0.0,350,401,1,PT06M10.00S,1,PT05M19.00S,0,0,0,0,-0.335,-0.651,-0.335,-0.651,2004-11-03,0,0,1,1
20400009,2,1610612763,1610612764,1715,2031,2034,2200,2203,955,1712,2407,2413,2553,8,0,0,0.0,0.0,401,409,1,PT05M19.00S,1,PT05M11.00S,0,0,0,0,-0.335,-0.651,-0.335,-0.651,2004-11-03,0,0,1,1
20400009,3,1610612763,1610612764,2031,2034,2200,2203,2248,955,1712,2407,2413,2553,82,16,13,16.0,13.0,409,491,1,PT05M11.00S,1,PT03M49.00S,0,0,16,13,-0.335,-0.651,15.665,12.349,2004-11-03,0,0,1,1
20400009,4,1610612763,1610612764,2034,2054,2200,2203,2248,955,1712,2407,2413,2553,26,-16,-13,-16.0,-13.0,491,517,1,PT03M49.00S,1,PT03M23.00S,16,13,0,0,15.665,12.349,-0.335,-0.651,2004-11-03,0,0,1,1
20400009,5,1610612763,1610612764,2034,2054,2073,2203,2248,955,1712,2407,2413,2553,17,0,0,0.0,0.0,517,534,1,PT03M23.00S,1,PT03M06.00S,0,0,0,0,-0.335,-0.651,-0.335,-0.651,2004-11-03,0,0,1,1
20400009,6,1610612763,1610612764,2034,2054,2073,2203,2248,1712,2407,2413,2553,2762,52,0,0,0.0,0.0,534,586,1,PT03M06.00S,1,PT02M14.00S,0,0,0,0,-0.335,-0.651,-0.335,-0.651,2004-11-03,0,0,1,1
20400009,7,1610612763,1610612764,2034,2054,2073,2203,2248,1712,1919,2407,2553,2762,89,0,0,-1.534,0.0,586,675,1,PT02M14.00S,1,PT00M45.20S,0,0,0,0,-0.335,-0.651,-1.869,-0.651,2004-11-03,0,0,1,1
20400009,8,1610612763,1610612764,1719,2054,2073,2203,2248,1712,1919,2407,2553,2762,257,0,0,0.0,0.0,675,932,1,PT00M45.20S,2,PT08M28.00S,0,0,0,0,-1.869,-0.651,-1.869,-0.651,2004-11-03,0,0,1,1
20400009,9,1610612763,1610612764,1715,2031,2034,2200,2203,1712,1919,2407,2553,2762,122,48,37,47.214,37.0,1177,1299,2,PT04M23.00S,2,PT02M21.00S,0,0,48,37,-3.988,0.382,43.226,37.382,2004-11-03,0,0,1,1
20400009,10,1610612763,1610612764,1715,1719,2031,2200,2203,955,1712,1919,2553,2762,390,-48,-37,-47.703,-34.087,1299,1689,2,PT02M21.00S,3,PT07M51.00S,48,37,0,0,43.226,37.382,-4.477,3.295,2004-11-03,0,0,1,1
20400009,11,1610612763,1610612764,2034,2054,2073,2203,2248,955,1712,1919,2413,2762,30,0,0,0.0,0.0,2061,2091,3,PT01M39.00S,3,PT01M09.00S,0,0,0,0,-0.514,2.703,-0.514,2.703,2004-11-03,0,0,1,1
20400009,12,1610612763,1610612764,2034,2054,2073,2203,2248,955,1712,2413,2553,2762,242,0,0,1.031,-1.684,2091,2333,3,PT01M09.00S,4,PT09M07.00S,0,0,0,0,-0.514,2.703,0.518,1.018,2004-11-03,0,0,1,1
20400009,13,1610612763,1610612764,2031,2034,2073,2203,2248,955,1712,2413,2553,2762,72,0,0,0.0,0.0,2333,2405,4,PT09M07.00S,4,PT07M55.00S,0,0,0,0,0.518,1.018,0.518,1.018,2004-11-03,0,0,1,1
20400009,14,1610612763,1610612764,2031,2034,2200,2203,2248,1712,2407,2413,2553,2762,32,0,0,0.0,0.0,2405,2437,4,PT07M55.00S,4,PT07M23.00S,0,0,0,0,0.518,1.018,0.518,1.018,2004-11-03,0,0,1,1
20400009,15,1610612763,1610612764,2031,2034,2200,2203,2248,1919,2407,2413,2553,2762,142,0,0,-0.208,0.0,2437,2579,4,PT07M23.00S,4,PT05M01.00S,0,0,0,0,0.518,1.018,0.31,1.018,2004-11-03,0,0,1,1
20400009,16,1610612763,1610612764,1715,2031,2034,2200,2203,1712,2407,2413,2553,2762,153,0,0,0.267,0.0,2579,2732,4,PT05M01.00S,4,PT02M28.00S,0,0,0,0,0.31,1.018,0.576,1.018,2004-11-03,0,0,1,1
20400009,17,1610612763,1610612764,1715,2031,2034,2200,2203,1712,1919,2407,2553,2762,71,87,99,87.0,98.184,2732,2803,4,PT02M28.00S,4,PT01M17.00S,0,0,87,99,0.576,1.018,87.576,99.202,2004-11-03,0,0,1,1
20400009,18,1610612763,1610612764,1715,2031,2034,2200,2203,1712,1919,2413,2553,2762,77,4,4,4.0,5.022,2803,2880,4,PT01M17.00S,4,PT00M00.00S,87,99,91,103,87.576,99.202,91.576,104.225,2004-11-03,0,0,1,1
20400010,0,1610612740,1610612742,133,136,248,1884,2048,714,956,1717,2572,2734,253,0,0,-1.569,1.638,0,253,1,PT12M00.00S,1,PT07M47.00S,0,0,0,0,0.0,0.0,-1.569,1.638,2004-11-03,0,0,1,1
20400010,1,1610612740,1610612742,133,136,248,1884,2048,714,956,1717,1891,2572,75,0,0,-0.866,-0.45,253,328,1,PT07M47.00S,1,PT06M32.00S,0,0,0,0,-1.569,1.638,-2.435,1.188,2004-11-03,0,0,1,1
20400010,2,1610612740,1610612742,133,136,248,1884,2048,711,956,1717,1891,2572,48,0,0,0.0,-0.0,328,376,1,PT06M32.00S,1,PT05M44.00S,0,0,0,0,-2.435,1.188,-2.435,1.188,2004-11-03,0,0,1,1
20400010,3,1610612740,1610612742,133,136,248,1884,2048,711,762,1717,1891,2572,53,0,0,0.0,0.0,376,429,1,PT05M44.00S,1,PT04M51.00S,0,0,0,0,-2.435,1.188,-2.435,1.188,2004-11-03,0,0,1,1
20400010,4,1610612740,1610612742,133,136,915,1884,2048,711,762,1717,1891,2572,53,0,0,0.947,0.0,429,482,1,PT04M51.00S,1,PT03M58.00S,0,0,0,0,-2.435,1.188,-1.488,1.188,2004-11-03,0,0,1,1
20400010,5,1610612740,1610612742,133,136,353,915,2048,711,762,1717,1891,2572,66,17,20,18.035,18.495,482,548,1,PT03M58.00S,1,PT02M52.00S,0,0,17,20,-1.488,1.188,16.547,19.683,2004-11-03,0,0,1,1
20400010,6,1610612740,1610612742,136,353,915,2365,2747,711,762,1717,1891,2572,17,0,2,0.0,2.0,548,565,1,PT02M52.00S,1,PT02M35.00S,17,20,17,22,16.547,19.683,16.547,21.683,2004-11-03,0,0,1,1
20400010,7,1610612740,1610612742,353,915,2365,2561,2747,711,762,1717,1891,2572,84,-17,-22,-16.053,-22.0,565,649,1,PT02M35.00S,1,PT01M11.00S,17,22,0,0,16.547,21.683,0.494,-0.317,2004-11-03,0,0,1,1
20400010,8,1610612740,1610612742,353,915,2365,2561,2747,711,762,1717,1891,2605,342,0,0,2.287,-2.183,649,991,1,PT01M11.00S,2,PT07M29.00S,0,0,0,0,0.494,-0.317,2.781,-2.5,2004-11-03,0,0,1,1
20400010,9,1610612740,1610612742,915,1884,2048,2561,2747,711,762,1717,1891,2572,76,0,0,0.0,1.206,991,1067,2,PT07M29.00S,2,PT06M13.00S,0,0,0,0,2.781,-2.5,2.781,-1.295,2004-11-03,0,0,1,1
20400010,10,1610612740,1610612742,248,1884,2048,2561,2747,714,762,1717,1891,2572,12,0,0,0.0,0.0,1067,1079,2,PT06M13.00S,2,PT06M01.00S,0,0,0,0,2.781,-1.295,2.781,-1.295,2004-11-03,0,0,1,1
20400010,11,1610612740,1610612742,248,1884,2048,2561,2747,673,714,762,1891,2572,90,0,0,0.0,0.0,1079,1169,2,PT06M01.00S,2,PT04M31.00S,0,0,0,0,2.781,-1.295,2.781,-1.295,2004-11-03,0,0,1,1
20400010,12,1610612740,1610612742,133,136,248,1884,2048,673,714,762,1891,2572,126,39,45,39.0,45.0,1169,1295,2,PT04M31.00S,2,PT02M25.00S,0,0,39,45,2.781,-1.295,41.781,43.705,2004-11-03,0,0,1,1
20400010,13,1610612740,1610612742,133,136,248,1884,2048,673,714,762,1891,2605,440,-39,-45,-37.884,-46.636,1295,1735,2,PT02M25.00S,3,PT07M05.00S,39,45,0,0,41.781,43.705,3.897,-2.931,2004-11-03,0,0,1,1
20400010,14,1610612740,1610612742,133,136,248,1884,2048,673,714,762,1891,2605,65,0,0,-0.643,0.0,1735,1800,3,PT07M05.00S,3,PT06M00.00S,0,0,0,0,3.897,-2.931,3.254,-2.931,2004-11-03,0,0,1,1
20400010,15,1610612740,1610612742,133,136,915,1884,2048,673,714,762,1891,2605,54,0,0,0.0,0.0,1800,1854,3,PT06M00.00S,3,PT05M06.00S,0,0,0,0,3.254,-2.931,3.254,-2.931,2004-11-03,0,0,1,1
20400010,16,1610612740,1610612742,353,915,1884,2365,2561,711,762,1717,1891,2605,76,0,0,0.0,1.118,2197,2273,4,PT11M23.00S,4,PT10M07.00S,0,0,0,0,6.13,-9.33,6.13,-8.212,2004-11-03,0,0,1,1
20400010,17,1610612740,1610612742,353,915,1884,2365,2561,673,711,1717,1891,2605,45,0,0,0.984,0.0,2273,2318,4,PT10M07.00S,4,PT09M22.00S,0,0,0,0,6.13,-8.212,7.114,-8.212,2004-11-03,0,0,1,1
20400010,18,1610612740,1610612742,353,915,1884,2048,2561,673,711,1717,1891,2605,39,0,0,0.0,0.0,2318,2357,4,PT09M22.00S,4,PT08M43.00S,0,0,0,0,7.114,-8.212,7.114,-8.212,2004-11-03,0,0,1,1
20400010,19,1610612740,1610612742,353,915,1884,2048,2561,711,956,1717,1891,2605,54,0,0,0.947,0.0,2357,2411,4,PT08M43.00S,4,PT07M49.00S,0,0,0,0,7.114,-8.212,8.061,-8.212,2004-11-03,0,0,1,1
20400010,20,1610612740,1610612742,136,353,915,1884,2048,711,956,1717,1891,2605,129,0,0,0.0,1.202,2411,2540,4,PT07M49.00S,4,PT05M40.00S,0,0,0,0,8.061,-8.212,8.061,-7.01,2004-11-03,0,0,1,1
20400010,21,1610612740,1610612742,133,136,353,1884,2048,711,956,1717,1891,2605,49,0,0,0.0,0.0,2540,2589,4,PT05M40.00S,4,PT04M51.00S,0,0,0,0,8.061,-7.01,8.061,-7.01,2004-11-03,0,0,1,1
20400010,22,1610612740,1610612742,133,136,353,1884,2048,711,714,956,1717,1891,153,0,0,0.303,1.297,2589,2742,4,PT04M51.00S,4,PT02M18.00S,0,0,0,0,8.061,-7.01,8.364,-5.713,2004-11-03,0,0,1,1
20400010,23,1610612740,1610612742,1924,2365,2561,2682,2747,711,714,956,1717,1891,138,91,106,91.0,105.318,2742,2880,4,PT02M18.00S,4,PT00M00.00S,0,0,91,106,8.364,-5.713,99.364,99.604,2004-11-03,0,0,1,1
20400011,0,1610612750,1610612752,84,208,708,1709,1887,703,950,1501,1737,2037,569,18,20,18.0,20.0,0,569,1,PT12M00.00S,1,PT02M31.00S,0,0,18,20,0.0,0.0,18.0,20.0,2004-11-03,0,0,1,1
20400011,1,1610612750,1610612752,84,708,1607,1709,1887,703,950,1501,1737,2037,250,11,14,11.489,11.556,569,819,1,PT02M31.00S,2,PT10M21.00S,18,20,29,34,18.0,20.0,29.489,31.556,2004-11-03,0,0,1,1
20400011,2,1610612750,1610612752,84,708,1607,1887,2058,358,452,703,950,2037,37,2,0,2.0,0.0,819,856,2,PT10M21.00S,2,PT09M44.00S,29,34,31,34,29.489,31.556,31.489,31.556,2004-11-03,0,0,1,1
20400011,3,1610612750,1610612752,84,708,1607,1887,2058,358,452,703,950,2772,64,5,0,3.384,0.0,856,920,2,PT09M44.00S,2,PT08M40.00S,31,34,36,34,31.489,31.556,34.873,31.556,2004-11-03,0,0,1,1
20400011,4,1610612750,1610612752,84,708,1607,1887,2058,358,452,950,966,2772,66,1,2,1.0,2.0,920,986,2,PT08M40.00S,2,PT07M34.00S,36,34,37,36,34.873,31.556,35.873,33.556,2004-11-03,0,0,1,1
20400011,5,1610612750,1610612752,84,1607,1709,1887,2058,358,452,950,966,2772,23,1,0,1.0,0.0,986,1009,2,PT07M34.00S,2,PT07M11.00S,37,36,38,36,35.873,33.556,36.873,33.556,2004-11-03,0,0,1,1
20400011,6,1610612750,1610612752,84,208,1709,1887,2058,358,452,950,966,2772,52,0,3,1.091,3.0,1009,1061,2,PT07M11.00S,2,PT06M19.00S,38,36,38,39,36.873,33.556,37.964,36.556,2004-11-03,0,0,1,1
20400011,7,1610612750,1610612752,84,208,1709,1887,2058,358,452,950,2552,2772,40,0,1,0.0,1.0,1061,1101,2,PT06M19.00S,2,PT05M39.00S,38,39,38,40,37.964,36.556,37.964,37.556,2004-11-03,0,0,1,1
20400011,8,1610612750,1610612752,84,208,1709,1887,2058,358,452,950,2552,2772,90,5,2,3.384,2.0,1101,1191,2,PT05M39.00S,2,PT04M09.00S,38,40,43,42,37.964,37.556,41.348,39.556,2004-11-03,0,0,1,1
20400011,9,1610612750,1610612752,84,208,1709,1887,2058,358,950,1737,2552,2772,20,0,0,0.0,0.0,1191,1211,2,PT04M09.00S,2,PT03M49.00S,43,42,43,42,41.348,39.556,41.348,39.556,2004-11-03,0,0,1,1
20400011,10,1610612750,1610612752,84,208,708,1709,1887,950,1737,2037,2552,2772,29,2,2,2.0,2.0,1211,1240,2,PT03M49.00S,2,PT03M20.00S,43,42,45,44,41.348,39.556,43.348,41.556,2004-11-03,0,0,1,1
20400011,11,1610612750,1610612752,84,208,708,1709,1887,950,1737,2037,2552,2772,60,4,1,4.0,1.0,1240,1300,2,PT03M20.00S,2,PT02M20.00S,45,44,49,45,43.348,41.556,47.348,42.556,2004-11-03,0,0,1,1
20400011,12,1610612750,1610612752,84,208,708,1709,1887,703,950,1501,1737,2037,13,0,0,0.0,0.0,1300,1313,2,PT02M20.00S,2,PT02M07.00S,49,45,49,45,47.348,42.556,47.348,42.556,2004-11-03,0,0,1,1
20400011,13,1610612750,1610612752,84,208,708,1709,1887,703,950,1501,1737,2037,88,6,6,6.0,2.776,1313,1401,2,PT02M07.00S,2,PT00M39.40S,49,45,55,51,47.348,42.556,53.348,45.332,2004-11-03,0,0,1,1
20400011,14,1610612750,1610612752,84,208,708,1887,2058,703,950,1501,1737,2037,31,3,0,3.0,0.0,1401,1432,2,PT00M39.40S,2,PT00M08.40S,55,51,58,51,53.348,45.332,56.348,45.332,2004-11-03,0,0,1,1
20400011,15,1610612750,1610612752,84,208,708,1887,2239,358,703,950,1501,2037,286,11,8,7.574,10.093,1432,1718,2,PT00M08.40S,3,PT07M22.00S,58,51,69,59,56.348,45.332,63.923,55.425,2004-11-03,0,0,1,1
20400011,16,1610612750,1610612752,84,208,708,1887,2239,358,703,950,2037,2772,51,0,4,0.0,2.343,1718,1769,3,PT07M22.00S,3,PT06M31.00S,69,59,69,63,63.923,55.425,63.923,57.768,2004-11-03,0,0,1,1
20400011,17,1610612750,1610612752,697,708,1607,2058,2239,358,703,950,2552,2772,128,7,3,4.543,2.213,2102,2230,3,PT00M57.90S,4,PT10M50.00S,77,76,84,79,72.56,71.728,77.103,73.941,2004-11-03,0,0,1,1
20400011,18,1610612750,1610612752,697,1607,1709,2058,2239,358,703,950,2552,2772,15,0,2,0.986,0.303,2230,2245,4,PT10M50.00S,4,PT10M35.00S,84,79,84,81,77.103,73.941,78.089,74.244,2004-11-03,0,0,1,1
20400011,19,1610612750,1610612752,697,1607,1709,2058,2239,358,703,2037,2552,2772,14,0,1,0.0,1.0,2245,2259,4,PT10M35.00S,4,PT10M21.00S,84,81,84,82,78.089,74.244,78.089,75.244,2004-11-03,0,0,1,1
20400011,20,1610612750,1610612752,208,697,1709,2058,2239,358,703,2037,2552,2772,71,2,2,2.0,2.0,2259,2330,4,PT10M21.00S,4,PT09M10.00S,84,82,86,84,78.089,75.244,80.089,77.244,2004-11-03,0,0,1,1
20400011,21,1610612750,1610612752,208,697,1709,1887,2239,358,703,2037,2552,2772,168,6,2,6.977,2.0,2330,2498,4,PT09M10.00S,4,PT06M22.00S,86,84,92,86,80.089,77.244,87.066,79.244,2004-11-03,0,0,1,1
20400011,22,1610612750,1610612752,84,208,708,1887,2058,703,950,1501,2037,2552,79,1,0,1.0,0.0,2591,2670,4,PT04M49.00S,4,PT03M30.00S,94,88,95,88,89.066,81.244,90.066,81.244,2004-11-03,0,0,1,1
20400011,23,1610612750,1610612752,84,208,708,1887,2058,703,950,2037,2552,2772,62,1,0,1.0,0.0,2670,2732,4,PT03M30.00S,4,PT02M28.00S,95,88,96,88,90.066,81.244,91.066,81.244,2004-11-03,0,0,1,1
20400011,24,1610612750,1610612752,84,208,708,1887,2058,358,703,950,2037,2552,103,0,2,0.0,2.0,2732,2835,4,PT02M28.00S,4,PT00M45.20S,96,88,96,90,91.066,81.244,91.066,83.244,2004-11-03,0,0,1,1
20400011,25,1610612750,1610612752,84,708,1887,2058,2239,358,703,950,2037,2552,7,0,0,0.0,0.0,2835,2842,4,PT00M45.20S,4,PT00M38.20S,96,90,96,90,91.066,83.244,91.066,83.244,2004-11-03,0,0,1,1
20400011,26,1610612750,1610612752,84,208,708,1887,2058,358,703,950,2037,2552,30,2,3,2.0,3.0,2842,2872,4,PT00M38.20S,4,PT00M08.00S,96,90,98,93,91.066,83.244,93.066,86.244,2004-11-03,0,0,1,1
20400011,27,1610612750,1610612752,84,208,708,1887,2239,358,703,950,2037,2552,8,0,0,0.0,0.0,2872,2880,4,PT00M08.00S,4,PT00M00.00S,99,93,99,93,94.066,86.244,94.066,86.244,2004-11-03,0,0,1,1
20400012,0,1610612759,1610612758,1477,1495,1725,1938,2225,57,185,731,978,1802,292,0,0,2.258,-0.342,0,292,1,PT12M00.00S,1,PT07M08.00S,0,0,0,0,0.0,0.0,2.258,-0.342,2004-11-03,0,0,1,1
20400012,1,1610612759,1610612758,109,699,990,1938,2225,978,1517,2230,2440,2443,73,0,0,1.141,0.0,817,890,2,PT10M23.00S,2,PT09M10.00S,0,0,0,0,0.692,0.543,1.833,0.543,2004-11-03,0,0,1,1
20400012,2,1610612759,1610612758,109,699,1495,1938,2225,978,1710,1802,2440,2443,35,-32,-27,-32.0,-27.0,890,925,2,PT09M10.00S,2,PT08M35.00S,32,27,0,0,33.833,27.543,1.833,0.543,2004-11-03,0,0,1,1
20400012,3,1610612759,1610612758,109,699,1477,1495,2225,57,978,1710,1802,2443,58,0,0,1.044,0.0,925,983,2,PT08M35.00S,2,PT07M37.00S,0,0,0,0,1.833,0.543,2.877,0.543,2004-11-03,0,0,1,1
20400012,4,1610612759,1610612758,699,1477,1495,1725,2225,57,185,978,1710,1802,97,0,0,0.0,-1.569,983,1080,2,PT07M37.00S,2,PT06M00.00S,0,0,0,0,2.877,0.543,2.877,-1.026,2004-11-03,0,0,1,1
20400012,5,1610612759,1610612758,699,1477,1495,1725,2225,57,185,978,1710,1802,200,0,0,1.141,0.0,1080,1280,2,PT06M00.00S,2,PT02M40.00S,0,0,0,0,2.877,-1.026,4.018,-1.026,2004-11-03,0,0,1,1
20400012,6,1610612759,1610612758,1477,1495,1725,1938,2225,185,978,1710,1802,2440,129,0,0,-0.338,0.0,1280,1409,2,PT02M40.00S,2,PT00M30.90S,0,0,0,0,4.018,-1.026,3.68,-1.026,2004-11-03,0,0,1,1
20400012,7,1610612759,1610612758,990,1477,1725,2225,2484,185,978,1710,1802,2440,6,52,44,52.0,44.0,1409,1415,2,PT00M30.90S,2,PT00M25.40S,0,0,52,44,3.68,-1.026,55.68,42.974,2004-11-03,0,0,1,1
20400012,8,1610612759,1610612758,699,1495,1725,1938,2225,57,978,1710,1802,2443,304,0,0,-1.504,0.0,1415,1719,2,PT00M25.40S,3,PT07M21.00S,0,0,0,0,3.68,-1.026,2.175,-1.026,2004-11-03,0,0,1,1
20400012,9,1610612759,1610612758,699,1495,1725,2225,2484,57,978,1710,1802,2443,164,0,0,1.166,0.0,1719,1883,3,PT07M21.00S,3,PT04M37.00S,0,0,0,0,2.175,-1.026,3.341,-1.026,2004-11-03,0,0,1,1
20400012,10,1610612759,1610612758,699,990,1495,2225,2484,978,1710,1802,2440,2443,59,0,0,1.058,0.0,1883,1942,3,PT04M37.00S,3,PT03M38.00S,0,0,0,0,3.341,-1.026,4.399,-1.026,2004-11-03,0,0,1,1
20400012,11,1610612759,1610612758,699,990,1725,1938,2225,731,978,1710,2440,2443,45,76,67,76.0,67.0,2062,2107,3,PT01M38.00S,3,PT00M52.90S,0,0,76,67,4.399,-1.026,80.399,65.974,2004-11-03,0,0,1,1
20400012,12,1610612759,1610612758,699,990,1725,1938,2225,731,978,1517,2440,2443,156,-76,-67,-75.096,-65.981,2107,2263,3,PT00M52.90S,4,PT10M17.00S,76,67,0,0,80.399,65.974,5.304,-0.007,2004-11-03,0,0,1,1
20400012,13,1610612759,1610612758,699,990,1725,1938,2225,185,1517,1710,2440,2443,143,0,0,-0.474,0.885,2263,2406,4,PT10M17.00S,4,PT07M54.00S,0,0,0,0,5.304,-0.007,4.83,0.878,2004-11-03,0,0,1,1
20400012,14,1610612759,1610612758,699,990,1477,1725,2225,185,978,1517,1710,2443,39,0,0,0.0,0.0,2406,2445,4,PT07M54.00S,4,PT07M15.00S,0,0,0,0,4.83,0.878,4.83,0.878,2004-11-03,0,0,1,1
20400012,15,1610612759,1610612758,990,699,763,2225,2484,185,731,2230,2440,2443,64,0,0,0.0,0.0,2794,2858,4,PT01M26.00S,4,PT00M21.70S,0,0,0,0,0.083,0.214,0.083,0.214,2004-11-03,1,1,1,1
20400012,16,1610612759,1610612758,990,699,763,2484,2757,185,731,2230,2440,2443,22,101,85,101.0,85.0,2858,2880,4,PT00M21.70S,4,PT00M00.00S,0,0,101,85,0.083,0.214,101.083,85.214,2004-11-03,1,1,1,1
20400013,0,1610612756,1610612737,959,1890,2047,2207,2405,72,952,1733,2044,2564,320,0,0,2.112,0.0,0,320,1,PT12M00.00S,1,PT06M40.00S,0,0,0,0,0.0,0.0,2.112,0.0,2004-11-03,0,0,1,1
20400013,1,1610612756,1610612737,959,1890,2047,2063,2207,72,952,1542,1733,2564,141,0,0,1.25,-2.345,320,461,1,PT06M40.00S,1,PT04M19.00S,0,0,0,0,2.112,0.0,3.362,-2.345,2004-11-03,0,0,1,1
20400013,2,1610612756,1610612737,959,1890,2063,2207,2405,72,468,952,1542,1733,46,0,0,-1.58,0.0,461,507,1,PT04M19.00S,1,PT03M33.00S,0,0,0,0,3.362,-2.345,1.782,-2.345,2004-11-03,0,0,1,1
20400013,3,1610612756,1610612737,1890,2063,2207,2405,2571,72,468,952,1542,1733,26,0,0,0.0,0.0,507,533,1,PT03M33.00S,1,PT03M07.00S,0,0,0,0,1.782,-2.345,1.782,-2.345,2004-11-03,0,0,1,1
20400013,4,1610612756,1610612737,1890,2063,2207,2405,2571,72,468,1542,1733,2746,81,0,0,0.0,-0.0,533,614,1,PT03M07.00S,1,PT01M46.00S,0,0,0,0,1.782,-2.345,1.782,-2.345,2004-11-03,0,0,1,1
20400013,5,1610612756,1610612737,2047,2063,2207,2405,2571,468,1542,1733,2735,2746,214,0,0,-1.749,1.635,614,828,1,PT01M46.00S,2,PT10M12.00S,0,0,0,0,1.782,-2.345,0.033,-0.71,2004-11-03,0,0,1,1
20400013,6,1610612756,1610612737,2047,2063,2207,2405,2571,72,468,1542,1733,2746,16,0,0,0.0,-0.0,828,844,2,PT10M12.00S,2,PT09M56.00S,0,0,0,0,0.033,-0.71,0.033,-0.71,2004-11-03,0,0,1,1
20400013,7,1610612756,1610612737,2063,2405,2418,2571,2761,292,468,2564,2746,2767,22,-82,-47,-82.0,-47.0,1974,1996,3,PT03M06.00S,3,PT02M44.00S,82,47,0,0,82.377,48.702,0.377,1.702,2004-11-03,0,0,1,1
20400013,8,1610612756,1610612737,2405,2418,2571,2573,2761,292,468,2564,2746,2767,30,0,0,0.0,0.0,1996,2026,3,PT02M44.00S,3,PT02M14.00S,0,0,0,0,0.377,1.702,0.377,1.702,2004-11-03,0,0,1,1
20400014,0,1610612762,1610612747,1905,1921,2246,2260,2430,977,1088,1885,2036,2357,178,7,1,7.0,1.0,0,178,1,PT12M00.00S,1,PT09M02.00S,0,0,7,1,0.0,0.0,7.0,1.0,2004-11-03,0,0,1,1
20400014,1,1610612762,1610612747,458,1723,1952,2246,2430,258,977,1908,2357,2567,74,0,0,0.0,0.0,552,626,1,PT02M48.00S,1,PT01M34.00S,0,0,0,0,0.879,0.967,0.879,0.967,2004-11-03,0,0,1,1
20400014,2,1610612762,1610612747,458,1723,1952,2246,2430,258,977,1908,2357,2575,140,0,0,0.0,0.0,626,766,1,PT01M34.00S,2,PT11M14.00S,0,0,0,0,0.879,0.967,0.879,0.967,2004-11-03,0,0,1,1
20400014,3,1610612762,1610612747,458,1723,1952,2246,2430,977,1885,1908,2036,2357,87,0,0,0.0,0.0,766,853,2,PT11M14.00S,2,PT09M47.00S,0,0,0,0,0.879,0.967,0.879,0.967,2004-11-03,0,0,1,1
20400014,4,1610612762,1610612747,458,1723,1952,2414,2430,1885,1908,2036,2357,2416,33,0,0,0.0,0.0,853,886,2,PT09M47.00S,2,PT09M14.00S,0,0,0,0,0.879,0.967,0.879,0.967,2004-11-03,0,0,1,1
20400014,5,1610612762,1610612747,458,1723,2414,2430,2745,1885,1908,2036,2357,2416,96,0,0,0.0,0.0,886,982,2,PT09M14.00S,2,PT07M38.00S,0,0,0,0,0.879,0.967,0.879,0.967,2004-11-03,0,0,1,1
20400014,6,1610612762,1610612747,458,1723,2414,2430,2745,1885,2036,2357,2406,2416,87,0,0,-0.0,1.03,982,1069,2,PT07M38.00S,2,PT06M11.00S,0,0,0,0,0.879,0.967,0.879,1.997,2004-11-03,0,0,1,1
20400014,7,1610612762,1610612747,458,1723,2414,2430,2745,977,1088,1885,2036,2406,28,0,0,0.0,0.0,1069,1097,2,PT06M11.00S,2,PT05M43.00S,0,0,0,0,0.879,1.997,0.879,1.997,2004-11-03,0,0,1,1
20400014,8,1610612762,1610612747,1723,1952,2430,2693,2745,977,1885,2416,2567,2575,172,0,0,1.247,0.0,2533,2705,4,PT05M47.00S,4,PT02M55.00S,0,0,0,0,0.819,0.099,2.066,0.099,2004-11-03,0,0,1,1
20400014,9,1610612762,1610612747,1723,1952,2430,2693,2745,1885,2416,2567,2575,2756,12,0,0,0.0,0.0,2705,2717,4,PT02M55.00S,4,PT02M43.00S,0,0,0,0,2.066,0.099,2.066,0.099,2004-11-03,0,0,1,1
20400014,10,1610612762,1610612747,1723,1952,2430,2693,2745,1908,2416,2567,2575,2756,16,0,0,0.0,0.0,2717,2733,4,PT02M43.00S,4,PT02M27.00S,0,0,0,0,2.066,0.099,2.066,0.099,2004-11-03,0,0,1,1
20400014,11,1610612762,1610612747,1723,2414,2693,2743,2745,1908,2416,2567,2575,2756,109,104,78,100.664,77.211,2771,2880,4,PT01M49.00S,4,PT00M00.00S,0,0,104,78,2.066,1.172,102.73,78.382,2004-11-03,0,0,1,1
20400015,0,1610612746,1610612760,1882,1894,2060,2250,2404,951,1740,1744,2501,2557,328,0,0,0.0,2.328,0,328,1,PT12M00.00S,1,PT06M32.00S,0,0,0,0,0.0,0.0,0.0,2.328,2004-11-03,0,0,1,1
20400015,1,1610612746,1610612760,1882,1894,2060,2250,2404,951,1744,2209,2501,2557,12,0,0,0.0,0.0,328,340,1,PT06M32.00S,1,PT06M20.00S,0,0,0,0,0.0,2.328,0.0,2.328,2004-11-03,0,0,1,1
20400015,2,1610612746,1610612760,1882,1894,2060,2250,2404,951,2209,2501,2555,2557,100,16,10,16.0,8.361,340,440,1,PT06M20.00S,1,PT04M40.00S,0,0,16,10,0.0,2.328,16.0,10.688,2004-11-03,0,0,1,1
20400015,3,1610612746,1610612760,1630,1882,1894,2060,2250,951,2209,2555,2557,2741,26,2,0,2.0,0.0,440,466,1,PT04M40.00S,1,PT04M14.00S,16,10,18,10,16.0,10.688,18.0,10.688,2004-11-03,0,0,1,1
20400015,4,1610612746,1610612760,1630,1882,1894,2250,2733,951,2209,2555,2557,2741,15,-18,-10,-18.0,-10.0,466,481,1,PT04M14.00S,1,PT03M59.00S,18,10,0,0,18.0,10.688,0.0,0.688,2004-11-03,0,0,1,1
20400015,5,1610612746,1610612760,1630,1882,1894,2250,2733,951,2209,2436,2555,2741,27,0,0,0.0,0.0,481,508,1,PT03M59.00S,1,PT03M32.00S,0,0,0,0,0.0,0.688,0.0,0.688,2004-11-03,0,0,1,1
20400015,6,1610612746,1610612760,1630,1882,1894,2250,2733,951,1498,2209,2436,2741,279,0,0,0.0,-1.448,508,787,1,PT03M32.00S,2,PT10M53.00S,0,0,0,0,0.0,0.688,0.0,-0.76,2004-11-03,0,0,1,1
20400015,7,1610612746,1610612760,1630,1882,1894,2250,2733,1498,1740,2209,2436,2741,97,0,0,-1.641,0.0,787,884,2,PT10M53.00S,2,PT09M16.00S,0,0,0,0,0.0,-0.76,-1.641,-0.76,2004-11-03,0,0,1,1
20400015,8,1610612746,1610612760,1594,1630,1882,1894,2733,951,1498,2501,2555,2863,292,0,0,0.0,1.407,2012,2304,3,PT02M28.00S,4,PT09M36.00S,0,0,0,0,-4.84,-4.286,-4.84,-2.879,2004-11-03,0,0,1,1
20400015,9,1610612746,1610612760,1594,1630,1882,1894,2733,951,1498,1744,2501,2555,47,0,0,0.0,-1.499,2304,2351,4,PT09M36.00S,4,PT08M49.00S,0,0,0,0,-4.84,-2.879,-4.84,-4.378,2004-11-03,0,0,1,1
20400015,10,1610612746,1610612760,1594,1630,1882,1894,2733,951,1498,1744,2501,2555,95,95,75,95.0,75.0,2351,2446,4,PT08M49.00S,4,PT07M14.00S,0,0,95,75,-4.84,-4.378,90.16,70.622,2004-11-03,0,0,1,1
20400015,11,1610612746,1610612760,1594,1882,1894,2250,2733,951,1498,1744,2501,2555,77,-95,-75,-95.0,-75.0,2446,2523,4,PT07M14.00S,4,PT05M57.00S,95,75,0,0,90.16,70.622,-4.84,-4.378,2004-11-03,0,0,1,1
20400015,12,1610612746,1610612760,1594,1882,1894,2250,2733,1498,1744,2501,2555,2557,99,0,0,1.111,1.812,2523,2622,4,PT05M57.00S,4,PT04M18.00S,0,0,0,0,-4.84,-4.378,-3.729,-2.565,2004-11-03,0,0,1,1
20400016,0,1610612744,1610612757,1502,2049,2202,2211,2399,689,757,949,1507,2216,367,6,9,8.201,8.35,0,367,1,PT12M00.00S,1,PT05M53.00S,0,0,6,9,0.0,0.0,8.201,8.35,2004-11-03,0,0,1,1
20400016,1,1610612744,1610612757,905,2049,2202,2211,2399,689,757,949,1507,2216,29,-6,-9,-6.0,-9.0,367,396,1,PT05M53.00S,1,PT05M24.00S,6,9,0,0,8.201,8.35,2.201,-0.65,2004-11-03,0,0,1,1
20400016,2,1610612744,1610612757,361,905,965,2202,2399,689,757,949,1507,2216,189,0,0,0.0,1.007,396,585,1,PT05M24.00S,1,PT02M15.00S,0,0,0,0,2.201,-0.65,2.201,0.357,2004-11-03,0,0,1,1
20400016,3,1610612744,1610612757,361,905,965,2202,2399,89,757,949,2032,2216,59,0,0,0.0,-0.0,585,644,1,PT02M15.00S,1,PT01M16.00S,0,0,0,0,2.201,0.357,2.201,0.357,2004-11-03,0,0,1,1
20400016,4,1610612744,1610612757,361,384,965,2202,2211,89,757,949,2032,2216,15,0,0,0.0,0.0,644,659,1,PT01M16.00S,1,PT01M01.00S,0,0,0,0,2.201,0.357,2.201,0.357,2004-11-03,0,0,1,1
20400016,5,1610612744,1610612757,361,384,965,2202,2211,89,757,949,1739,2032,150,0,0,1.167,1.007,659,809,1,PT01M01.00S,2,PT10M31.00S,0,0,0,0,2.201,0.357,3.367,1.364,2004-11-03,0,0,1,1
20400016,6,1610612744,1610612757,361,384,965,2211,2399,89,949,1507,1739,2032,45,0,0,0.0,0.0,809,854,2,PT10M31.00S,2,PT09M46.00S,0,0,0,0,3.367,1.364,3.367,1.364,2004-11-03,0,0,1,1
20400016,7,1610612744,1610612757,361,384,965,2211,2399,89,689,1507,1739,2032,56,0,0,0.0,1.981,854,910,2,PT09M46.00S,2,PT08M50.00S,0,0,0,0,3.367,1.364,3.367,3.345,2004-11-03,0,0,1,1
20400016,8,1610612744,1610612757,384,965,2059,2211,2399,89,689,1507,1739,2032,43,0,0,0.0,-0.0,910,953,2,PT08M50.00S,2,PT08M07.00S,0,0,0,0,3.367,3.345,3.367,3.345,2004-11-03,0,0,1,1
20400016,9,1610612744,1610612757,384,965,2059,2211,2399,89,1507,1739,2032,2216,33,24,22,24.0,22.0,953,986,2,PT08M07.00S,2,PT07M34.00S,0,0,24,22,3.367,3.345,27.367,25.345,2004-11-03,0,0,1,1
20400016,10,1610612744,1610612757,965,2059,2202,2211,2399,89,1507,1739,2032,2216,45,-24,-22,-24.0,-23.699,986,1031,2,PT07M34.00S,2,PT06M49.00S,24,22,0,0,27.367,25.345,3.367,1.646,2004-11-03,0,0,1,1
20400016,11,1610612744,1610612757,2049,2059,2202,2211,2399,89,1507,1739,2032,2216,78,0,0,-3.239,-1.522,1031,1109,2,PT06M49.00S,2,PT05M31.00S,0,0,0,0,3.367,1.646,0.128,0.124,2004-11-03,0,0,1,1
20400016,12,1610612744,1610612757,384,2049,2059,2202,2211,757,1507,1739,2032,2216,9,0,0,0.0,0.0,1109,1118,2,PT05M31.00S,2,PT05M22.00S,0,0,0,0,0.128,0.124,0.128,0.124,2004-11-03,0,0,1,1
20400016,13,1610612744,1610612757,384,2049,2059,2202,2211,757,949,1507,2032,2216,77,0,0,0.0,0.0,1118,1195,2,PT05M22.00S,2,PT04M05.00S,0,0,0,0,0.128,0.124,0.128,0.124,2004-11-03,0,0,1,1
20400016,14,1610612744,1610612757,361,384,2049,2059,2202,757,949,1507,2032,2216,104,35,32,33.097,32.0,1195,1299,2,PT04M05.00S,2,PT02M21.00S,0,0,35,32,0.128,0.124,33.225,32.124,2004-11-03,0,0,1,1
20400016,15,1610612744,1610612757,361,384,905,2049,2202,757,949,1507,2032,2216,22,1,0,1.0,0.0,1299,1321,2,PT02M21.00S,2,PT01M59.00S,35,32,36,32,33.225,32.124,34.225,32.124,2004-11-03,0,0,1,1
20400016,16,1610612744,1610612757,361,384,905,2049,2202,89,949,1507,2032,2216,40,-36,-32,-36.0,-32.0,1321,1361,2,PT01M59.00S,2,PT01M19.00S,36,32,0,0,34.225,32.124,-1.775,0.124,2004-11-03,0,0,1,1
20400016,17,1610612744,1610612757,361,905,965,2049,2202,89,949,1507,2032,2216,33,0,0,0.882,0.0,1361,1394,2,PT01M19.00S,2,PT00M46.10S,0,0,0,0,-1.775,0.124,-0.892,0.124,2004-11-03,0,0,1,1
20400016,18,1610612744,1610612757,361,965,2049,2202,2211,89,1507,1739,2032,2216,393,0,0,1.167,0.974,1394,1787,2,PT00M46.10S,3,PT06M13.00S,0,0,0,0,-0.892,0.124,0.274,1.097,2004-11-03,0,0,1,1
20400016,19,1610612744,1610612757,361,384,905,965,2211,89,1507,1739,2032,2216,63,0,0,-1.577,1.007,1954,2017,3,PT03M26.00S,3,PT02M23.00S,0,0,0,0,0.274,2.104,-1.303,3.111,2004-11-03,0,0,1,1
20400016,20,1610612744,1610612757,361,384,905,965,2211,89,1507,1739,2032,2216,116,0,0,0.0,1.008,2017,2133,3,PT02M23.00S,3,PT00M27.20S,0,0,0,0,-1.303,3.111,-1.303,4.118,2004-11-03,0,0,1,1
20400016,21,1610612744,1610612757,361,384,905,965,2059,89,1507,1739,2032,2216,98,0,0,0.0,-0.692,2133,2231,3,PT00M27.20S,4,PT10M49.00S,0,0,0,0,-1.303,4.118,-1.303,3.426,2004-11-03,0,0,1,1
20400016,22,1610612744,1610612757,361,384,965,2059,2202,89,1507,1739,2032,2216,201,0,0,0.0,-1.699,2231,2432,4,PT10M49.00S,4,PT07M28.00S,0,0,0,0,-1.303,3.426,-1.303,1.727,2004-11-03,0,0,1,1
20400016,23,1610612744,1610612757,361,965,2202,2211,2399,89,757,1739,2032,2216,161,69,74,70.088,72.115,2432,2593,4,PT07M28.00S,4,PT04M47.00S,0,0,69,74,-1.303,1.727,68.785,73.842,2004-11-03,0,0,1,1
20400016,24,1610612744,1610612757,905,965,2202,2211,2399,89,757,1739,2032,2216,12,-69,-74,-69.0,-74.0,2593,2605,4,PT04M47.00S,4,PT04M35.00S,69,74,0,0,68.785,73.842,-0.215,-0.158,2004-11-03,0,0,1,1
20400016,25,1610612744,1610612757,905,965,2049,2202,2211,89,757,1739,2032,2216,12,70,75,70.0,75.0,2605,2617,4,PT04M35.00S,4,PT04M23.00S,0,0,70,75,-0.215,-0.158,69.785,74.842,2004-11-03,0,0,1,1
20400016,26,1610612744,1610612757,905,965,2049,2202,2211,89,757,1507,2032,2216,209,-70,-75,-71.54,-75.0,2617,2826,4,PT04M23.00S,4,PT00M54.10S,70,75,0,0,69.785,74.842,-1.756,-0.158,2004-11-03,0,0,1,1
20400016,27,1610612744,1610612757,384,905,965,2049,2211,89,757,1507,2032,2216,39,0,0,0.0,0.0,2826,2865,4,PT00M54.10S,4,PT00M14.90S,0,0,0,0,-1.756,-0.158,-1.756,-0.158,2004-11-03,0,0,1,1
20400016,28,1610612744,1610612757,361,965,2049,2211,2399,689,1507,1739,2032,2216,12,75,78,76.173,78.0,2865,2877,4,PT00M14.90S,4,PT00M03.30S,0,0,75,78,-1.756,-0.158,74.417,77.842,2004-11-03,0,0,1,1
20400016,29,1610612744,1610612757,361,965,2202,2211,2399,757,1507,1739,2032,2216,3,75,78,76.087,78.0,2877,2880,4,PT00M03.00S,4,PT00M00.00S,0,0,75,78,-0.583,-0.158,75.505,77.842,2004-11-03,0,0,1,1
20400017,0,1610612766,1610612764,2056,2222,2447,2574,2731,1712,1716,1913,2240,2553,392,0,0,0.0,1.383,0,392,1,PT12M00.00S,1,PT05M28.00S,0,0,0,0,0.0,0.0,0.0,1.383,2004-11-04,0,0,1,1
20400017,1,1610612766,1610612764,120,2056,2078,2408,2447,1716,1913,2240,2407,2553,86,0,0,0.0,0.0,471,557,1,PT04M09.00S,1,PT02M43.00S,0,0,0,0,0.0,2.412,0.0,2.412,2004-11-04,0,0,1,1
20400017,2,1610612766,1610612764,120,2067,2078,2408,2731,955,1716,2240,2407,2553,48,16,17,16.0,17.0,557,605,1,PT02M43.00S,1,PT01M55.00S,0,0,16,17,0.0,2.412,16.0,19.412,2004-11-04,0,0,1,1
20400017,3,1610612766,1610612764,120,2067,2078,2408,2731,955,1716,2407,2413,2553,30,-16,-17,-17.618,-17.0,605,635,1,PT01M55.00S,1,PT01M25.00S,16,17,0,0,16.0,19.412,-1.618,2.412,2004-11-04,0,0,1,1
20400017,4,1610612766,1610612764,120,2067,2078,2408,2731,324,955,2407,2413,2553,196,0,0,0.0,1.023,635,831,1,PT01M25.00S,2,PT10M09.00S,0,0,0,0,-1.618,2.412,-1.618,3.435,2004-11-04,0,0,1,1
20400017,5,1610612766,1610612764,2056,2067,2078,2222,2731,324,1712,1913,2413,2553,49,0,0,0.0,0.0,831,880,2,PT10M09.00S,2,PT09M20.00S,0,0,0,0,-1.618,3.435,-1.618,3.435,2004-11-04,0,0,1,1
20400017,6,1610612766,1610612764,2056,2067,2078,2222,2731,324,1712,1913,2240,2413,144,0,0,0.0,-0.517,880,1024,2,PT09M20.00S,2,PT06M56.00S,0,0,0,0,-1.618,3.435,-1.618,2.918,2004-11-04,0,0,1,1
20400017,7,1610612766,1610612764,120,2056,2067,2078,2222,1712,1716,1913,2240,2553,107,0,0,0.0,0.0,1024,1131,2,PT06M56.00S,2,PT05M09.00S,0,0,0,0,-1.618,2.918,-1.618,2.918,2004-11-04,0,0,1,1
20400017,8,1610612766,1610612764,120,1751,2078,2222,2574,1712,1716,1913,2240,2553,27,0,0,0.0,0.0,1131,1158,2,PT05M09.00S,2,PT04M42.00S,0,0,0,0,-1.618,2.918,-1.618,2.918,2004-11-04,0,0,1,1
20400017,9,1610612766,1610612764,120,1510,1751,2222,2574,1712,1716,1913,2240,2553,83,0,0,0.842,0.0,1158,1241,2,PT04M42.00S,2,PT03M19.00S,0,0,0,0,-1.618,2.918,-0.776,2.918,2004-11-04,0,0,1,1
20400017,10,1610612766,1610612764,120,1510,1751,2574,2774,1712,1716,1913,2240,2553,42,0,0,0.0,0.0,1241,1283,2,PT03M19.00S,2,PT02M37.00S,0,0,0,0,-0.776,2.918,-0.776,2.918,2004-11-04,0,0,1,1
20400017,11,1610612766,1610612764,120,1510,1751,2574,2774,1712,1716,2240,2407,2553,78,0,0,0.0,0.0,1283,1361,2,PT02M37.00S,2,PT01M19.00S,0,0,0,0,-0.776,2.918,-0.776,2.918,2004-11-04,0,0,1,1
20400017,12,1610612766,1610612764,120,1510,2574,2731,2774,1712,1716,2240,2407,2553,198,47,54,48.089,52.322,1361,1559,2,PT01M19.00S,3,PT10M01.00S,0,0,47,54,-0.776,2.918,47.313,55.241,2004-11-04,0,0,1,1
20400017,13,1610612766,1610612764,120,1510,2574,2731,2774,1712,1716,2240,2407,2553,209,-47,-54,-47.0,-55.739,1559,1768,3,PT10M01.00S,3,PT06M32.00S,47,54,0,0,47.313,55.241,0.313,-0.499,2004-11-04,0,0,1,1
20400017,14,1610612766,1610612764,120,2078,2408,2731,2774,955,1712,2240,2407,2413,78,0,0,0.0,1.029,1896,1974,3,PT04M24.00S,3,PT03M06.00S,0,0,0,0,0.313,0.469,0.313,1.498,2004-11-04,0,0,1,1
20400017,15,1610612766,1610612764,120,2078,2408,2731,2774,324,955,1712,2407,2413,16,0,0,0.0,0.0,1974,1990,3,PT03M06.00S,3,PT02M50.00S,0,0,0,0,0.313,1.498,0.313,1.498,2004-11-04,0,0,1,1
20400017,16,1610612766,1610612764,120,2078,2408,2731,2774,324,955,1712,2407,2413,98,0,0,1.009,0.0,1990,2088,3,PT02M50.00S,3,PT01M12.00S,0,0,0,0,0.313,1.498,1.322,1.498,2004-11-04,0,0,1,1
20400017,17,1610612766,1610612764,120,2056,2078,2408,2774,324,955,1712,2413,2553,341,0,0,-1.698,-2.304,2088,2429,3,PT01M12.00S,4,PT07M31.00S,0,0,0,0,1.322,1.498,-0.376,-0.806,2004-11-04,0,0,1,1
20400017,18,1610612766,1610612764,2056,2078,2222,2408,2774,324,1712,2240,2413,2553,60,0,0,0.0,-1.674,2429,2489,4,PT07M31.00S,4,PT06M31.00S,0,0,0,0,-0.376,-0.806,-0.376,-2.48,2004-11-04,0,0,1,1
20400017,19,1610612766,1610612764,120,2078,2222,2408,2774,1712,1913,2240,2413,2553,76,0,0,2.293,0.0,2489,2565,4,PT06M31.00S,4,PT05M15.00S,0,0,0,0,-0.376,-2.48,1.917,-2.48,2004-11-04,0,0,1,1
20400017,20,1610612766,1610612764,120,2078,2222,2731,2774,1712,1913,2240,2413,2553,85,0,0,1.009,0.0,2565,2650,4,PT05M15.00S,4,PT03M50.00S,0,0,0,0,1.917,-2.48,2.926,-2.48,2004-11-04,0,0,1,1
20400017,21,1610612766,1610612764,1510,2222,2447,2731,2774,1712,1913,2240,2413,2553,15,0,0,0.0,-0.0,2700,2715,4,PT03M00.00S,4,PT02M45.00S,0,0,0,0,2.926,-1.451,2.926,-1.451,2004-11-04,0,0,1,1
20400017,22,1610612766,1610612764,1510,2222,2447,2731,2774,1712,1716,1913,2240,2553,101,0,0,0.849,0.0,2715,2816,4,PT02M45.00S,4,PT01M04.00S,0,0,0,0,2.926,-1.451,3.775,-1.451,2004-11-04,0,0,1,1
20400017,23,1610612766,1610612764,1510,2222,2574,2731,2774,1712,1716,1913,2240,2553,18,0,0,-0.0,0.0,2816,2834,4,PT01M04.00S,4,PT00M46.10S,0,0,0,0,3.775,-1.451,3.775,-1.451,2004-11-04,0,0,1,1
20400017,24,1610612766,1610612764,120,1510,2222,2574,2731,1712,1716,1913,2240,2553,3,91,98,91.0,98.0,2834,2837,4,PT00M46.10S,4,PT00M42.70S,0,0,91,98,3.775,-1.451,94.775,96.549,2004-11-04,0,0,1,1
20400017,25,1610612766,1610612764,120,1510,2222,2731,2774,1712,1716,1913,2240,2553,25,-91,-98,-91.0,-98.0,2837,2862,4,PT00M42.70S,4,PT00M17.60S,91,98,0,0,94.775,96.549,3.775,-1.451,2004-11-04,0,0,1,1
20400017,26,1610612766,1610612764,120,1510,2222,2574,2731,1712,1716,1913,2240,2553,18,96,103,96.0,103.0,2862,2880,4,PT00M17.60S,4,PT00M00.00S,0,0,96,103,3.775,-1.451,99.775,101.549,2004-11-04,0,0,1,1
20400018,0,1610612748,1610612739,406,1720,2446,2548,2617,446,976,980,2400,2544,351,13,8,13.0,8.0,0,351,1,PT12M00.00S,1,PT06M09.00S,0,0,13,8,0.0,0.0,13.0,8.0,2004-11-04,0,0,1,1
20400018,1,1610612748,1610612739,1720,1800,2446,2548,2617,446,976,980,2400,2544,91,2,4,2.0,4.987,402,493,1,PT05M18.00S,1,PT03M47.00S,15,10,17,14,16.039,10.938,18.039,15.925,2004-11-04,0,0,1,1
20400018,2,1610612748,1610612739,1720,1800,2446,2548,2617,281,446,976,2400,2544,17,0,0,0.0,0.0,493,510,1,PT03M47.00S,1,PT03M30.00S,17,14,17,14,18.039,15.925,18.039,15.925,2004-11-04,0,0,1,1
20400018,3,1610612748,1610612739,1720,1800,2446,2548,2617,281,976,2400,2544,2562,82,4,4,5.181,4.0,510,592,1,PT03M30.00S,1,PT02M08.00S,17,14,21,18,18.039,15.925,23.22,19.925,2004-11-04,0,0,1,1
20400018,4,1610612748,1610612739,224,406,1800,2548,2617,976,980,2400,2544,2562,62,4,3,4.0,3.0,592,654,1,PT02M08.00S,1,PT01M06.00S,21,18,25,21,23.22,19.925,27.22,22.925,2004-11-04,0,0,1,1
20400018,5,1610612748,1610612739,224,406,1800,2548,2617,976,980,1956,2400,2562,125,2,4,2.0,4.0,654,779,1,PT01M06.00S,2,PT11M01.00S,25,21,27,25,27.22,22.925,29.22,26.925,2004-11-04,0,0,1,1
20400018,6,1610612748,1610612739,224,406,1800,2548,2617,727,1956,2400,2562,2760,101,3,4,3.0,4.0,779,880,2,PT11M01.00S,2,PT09M20.00S,27,25,30,29,29.22,26.925,32.22,30.925,2004-11-04,0,0,1,1
20400018,7,1610612748,1610612739,224,445,1720,2548,2617,727,1956,2400,2544,2760,52,2,0,2.0,0.0,960,1012,2,PT08M00.00S,2,PT07M08.00S,33,30,35,30,34.768,31.925,36.768,31.925,2004-11-04,0,0,1,1
20400018,8,1610612748,1610612739,224,445,1720,2548,2617,727,976,2400,2544,2760,117,6,7,6.0,5.455,1012,1129,2,PT07M08.00S,2,PT05M11.00S,35,30,41,37,36.768,31.925,42.768,37.38,2004-11-04,0,0,1,1
20400018,9,1610612748,1610612739,224,445,1720,2548,2617,446,976,2400,2544,2760,32,1,3,1.0,3.0,1129,1161,2,PT05M11.00S,2,PT04M39.00S,41,37,42,40,42.768,37.38,43.768,40.38,2004-11-04,0,0,1,1
20400018,10,1610612748,1610612739,224,406,1800,2124,2548,446,976,2400,2544,2760,44,2,0,2.0,0.0,1161,1205,2,PT04M39.00S,2,PT03M55.00S,42,40,44,40,43.768,40.38,45.768,40.38,2004-11-04,0,0,1,1
20400018,11,1610612748,1610612739,224,406,1800,2124,2548,446,976,1714,2400,2544,32,0,3,0.0,1.231,1205,1237,2,PT03M55.00S,2,PT03M23.00S,44,40,44,43,45.768,40.38,45.768,41.611,2004-11-04,0,0,1,1
20400018,12,1610612748,1610612739,406,1800,2124,2446,2548,446,976,980,2400,2544,74,4,2,4.0,2.0,1237,1311,2,PT03M23.00S,2,PT02M09.00S,44,43,48,45,45.768,41.611,49.768,43.611,2004-11-04,0,0,1,1
20400018,13,1610612748,1610612739,406,1800,2124,2446,2548,446,976,1714,2400,2544,79,4,3,4.0,1.231,1311,1390,2,PT02M09.00S,2,PT00M50.50S,48,45,52,48,49.768,43.611,53.768,44.841,2004-11-04,0,0,1,1
20400018,14,1610612748,1610612739,406,1720,1800,2446,2548,446,976,1714,2544,2760,271,7,6,6.43,5.281,1390,1661,2,PT00M50.50S,3,PT08M19.00S,52,48,59,54,53.768,44.841,60.198,50.123,2004-11-04,0,0,1,1
20400018,15,1610612748,1610612739,406,1720,1800,2446,2548,727,976,1714,2544,2760,41,0,0,0.0,0.0,1661,1702,3,PT08M19.00S,3,PT07M38.00S,59,54,59,54,60.198,50.123,60.198,50.123,2004-11-04,0,0,1,1
20400018,16,1610612748,1610612739,406,1720,1800,2124,2548,727,976,1714,2544,2760,94,2,2,2.0,2.0,1714,1808,3,PT07M26.00S,3,PT05M52.00S,59,54,61,56,60.198,50.123,62.198,52.123,2004-11-04,0,0,1,1
20400018,17,1610612748,1610612739,1720,1800,2446,2548,2617,727,976,1714,2562,2760,98,2,2,2.0,2.0,2477,2575,4,PT06M43.00S,4,PT05M05.00S,82,73,84,75,85.852,69.92,87.852,71.92,2004-11-04,0,0,1,1
20400018,18,1610612748,1610612739,406,1800,2446,2548,2617,727,976,980,2562,2760,233,8,6,6.36,9.129,2575,2808,4,PT05M05.00S,4,PT01M12.00S,84,75,92,81,87.852,71.92,94.212,81.049,2004-11-04,0,0,1,1
20400018,19,1610612748,1610612739,406,1800,2124,2446,2548,727,976,980,2562,2760,72,0,5,0.0,4.528,2808,2880,4,PT01M12.00S,4,PT00M00.00S,92,81,92,86,94.212,81.049,94.212,85.576,2004-11-04,0,0,1,1
20400019,0,1610612743,1610612750,948,1889,2030,2035,2546,84,208,1709,1887,2239,236,0,0,0.0,0.0,0,236,1,PT12M00.00S,1,PT08M04.00S,0,0,0,0,0.0,0.0,0.0,0.0,2004-11-04,0,0,1,1
20400019,1,1610612743,1610612750,1761,1863,1889,2030,2546,84,208,708,1887,2239,120,0,0,1.186,-0.496,1169,1289,2,PT04M31.00S,2,PT02M31.00S,0,0,0,0,0.414,-0.735,1.6,-1.23,2004-11-04,0,0,1,1
20400019,2,1610612743,1610612750,948,1761,1889,2030,2546,84,708,1607,1887,2239,72,0,0,0.0,0.0,1289,1361,2,PT02M31.00S,2,PT01M19.00S,0,0,0,0,1.6,-1.23,1.6,-1.23,2004-11-04,0,0,1,1
20400019,3,1610612743,1610612750,948,1761,1889,2030,2546,84,697,708,1607,2239,75,0,0,0.965,0.0,1361,1436,2,PT01M19.00S,2,PT00M04.30S,0,0,0,0,1.6,-1.23,2.564,-1.23,2004-11-04,0,0,1,1
20400019,4,1610612743,1610612750,1761,1863,1889,2030,2546,84,697,708,1607,2058,179,48,49,48.0,49.977,1436,1615,2,PT00M04.30S,3,PT09M05.00S,0,0,48,49,2.564,-1.23,50.564,48.747,2004-11-04,0,0,1,1
20400019,5,1610612743,1610612750,1761,1863,1922,2206,2546,697,708,1607,2058,2239,174,0,0,-0.491,0.986,2016,2190,3,PT02M24.00S,4,PT11M30.00S,0,0,0,0,3.519,0.704,3.028,1.69,2004-11-04,0,0,1,1
20400019,6,1610612743,1610612750,1761,1863,2030,2206,2546,697,708,1607,2058,2239,14,0,0,0.0,0.0,2190,2204,4,PT11M30.00S,4,PT11M16.00S,0,0,0,0,3.028,1.69,3.028,1.69,2004-11-04,0,0,1,1
20400019,7,1610612743,1610612750,1863,1889,2030,2206,2546,84,708,1607,1709,2239,7,1,1,1.0,1.0,2795,2802,4,PT01M25.00S,4,PT01M18.00S,86,85,87,86,89.568,85.237,90.568,86.237,2004-11-04,0,0,1,1
20400019,8,1610612743,1610612750,1863,1889,2030,2206,2546,84,708,1607,1709,1887,20,-87,-86,-87.0,-86.0,2802,2822,4,PT01M18.00S,4,PT00M58.30S,87,86,0,0,90.568,86.237,3.568,0.237,2004-11-04,0,0,1,1
20400019,9,1610612743,1610612750,1863,1889,2030,2206,2546,84,708,1607,1709,2239,36,0,0,0.0,0.0,2822,2858,4,PT00M58.30S,4,PT00M22.50S,0,0,0,0,3.568,0.237,3.568,0.237,2004-11-04,0,0,1,1
20400019,10,1610612743,1610612750,1761,1889,2030,2206,2546,84,708,1607,1887,2239,12,0,0,0.0,-1.57,2858,2870,4,PT00M22.50S,4,PT00M10.50S,0,0,0,0,3.568,0.237,3.568,-1.333,2004-11-04,0,0,1,1
20400019,11,1610612743,1610612750,1863,1889,2030,2206,2546,84,708,1607,2058,2239,89,92,89,92.0,89.0,2870,2959,4,PT00M10.50S,5,PT03M41.00S,0,0,92,89,3.568,-1.333,95.568,87.667,2004-11-04,0,0,1,1
20400019,12,1610612743,1610612750,1863,1889,2030,2206,2546,84,708,1607,2058,2239,33,-92,-89,-92.0,-89.0,2959,2992,5,PT03M41.00S,5,PT03M08.00S,92,89,0,0,95.568,87.667,3.568,-1.333,2004-11-04,0,0,1,1
20400020,0,1610612761,1610612765,147,1713,1747,2254,2547,739,1112,1497,1888,2419,499,14,16,15.194,18.041,0,499,1,PT12M00.00S,1,PT03M41.00S,0,0,14,16,0.0,0.0,15.194,18.041,2004-11-05,0,0,1,1
20400020,1,1610612761,1610612765,147,1713,1747,2254,2547,686,1112,1497,1888,2419,22,1,0,1.0,0.0,499,521,1,PT03M41.00S,1,PT03M19.00S,14,16,15,16,15.194,18.041,16.194,18.041,2004-11-05,0,0,1,1
20400020,2,1610612761,1610612765,147,923,1713,1747,2547,686,1112,1497,1888,2419,114,3,8,1.303,4.842,521,635,1,PT03M19.00S,1,PT01M25.00S,15,16,18,24,16.194,18.041,17.497,22.883,2004-11-05,0,0,1,1
20400020,3,1610612761,1610612765,147,923,1713,1747,2547,686,1112,1497,2419,2568,80,3,5,3.0,3.421,635,715,1,PT01M25.00S,1,PT00M05.20S,18,24,21,29,17.497,22.883,20.497,26.304,2004-11-05,0,0,1,1
20400020,4,1610612761,1610612765,147,923,1960,2050,2547,686,1112,1497,2419,2568,74,2,2,2.694,0.421,715,789,1,PT00M05.20S,2,PT10M51.00S,21,29,23,31,20.497,26.304,23.192,26.726,2004-11-05,0,0,1,1
20400020,5,1610612761,1610612765,147,923,1960,2050,2588,283,686,1112,2419,2568,128,7,3,7.0,4.046,789,917,2,PT10M51.00S,2,PT08M43.00S,23,31,30,34,23.192,26.726,30.192,30.771,2004-11-05,0,0,1,1
20400020,6,1610612761,1610612765,147,923,1960,2050,2588,283,686,1112,1888,2419,113,7,2,6.544,3.002,917,1030,2,PT08M43.00S,2,PT06M50.00S,30,34,37,36,30.192,30.771,36.736,33.773,2004-11-05,0,0,1,1
20400020,7,1610612761,1610612765,147,923,1960,2050,2588,686,1112,1497,1888,2419,183,6,3,8.135,5.313,1030,1213,2,PT06M50.00S,2,PT03M47.00S,37,36,43,39,36.736,33.773,44.871,39.086,2004-11-05,0,0,1,1
20400020,8,1610612761,1610612765,147,1747,2050,2254,2547,739,1112,1497,1888,2419,57,0,3,0.0,3.0,1213,1270,2,PT03M47.00S,2,PT02M50.00S,43,39,43,42,44.871,39.086,44.871,42.086,2004-11-05,0,0,1,1
20400020,9,1610612761,1610612765,147,1713,1747,2254,2547,739,1112,1497,1888,2419,54,2,0,2.0,0.0,1270,1324,2,PT02M50.00S,2,PT01M56.00S,43,42,45,42,44.871,42.086,46.871,42.086,2004-11-05,0,0,1,1
20400020,10,1610612761,1610612765,147,1713,2050,2254,2547,739,1112,1497,1888,2419,102,4,3,4.0,3.0,1324,1426,2,PT01M56.00S,2,PT00M13.90S,45,42,49,45,46.871,42.086,50.871,45.086,2004-11-05,0,0,1,1
20400020,11,1610612761,1610612765,147,1713,2050,2254,2547,686,1032,1112,1497,2419,8,0,2,0.0,2.0,1426,1434,2,PT00M13.90S,2,PT00M06.30S,49,45,49,47,50.871,45.086,50.871,47.086,2004-11-05,0,0,1,1
20400020,12,1610612761,1610612765,147,1713,2050,2547,2588,686,1032,1112,1497,2419,380,14,12,14.5,10.404,1434,1814,2,PT00M06.30S,3,PT05M46.00S,49,47,63,59,50.871,47.086,65.37,57.49,2004-11-05,0,0,1,1
20400020,13,1610612761,1610612765,147,1713,2050,2547,2588,686,1032,1112,1497,2419,196,6,6,4.522,6.0,1814,2010,3,PT05M46.00S,3,PT02M30.00S,63,59,69,65,65.37,57.49,69.892,63.49,2004-11-05,0,0,1,1
20400020,14,1610612761,1610612765,441,923,1960,2050,2547,283,1032,1112,1888,2419,25,0,0,1.017,0.0,2370,2395,4,PT08M30.00S,4,PT08M05.00S,83,73,83,73,82.699,72.601,83.716,72.601,2004-11-05,0,0,1,1
20400020,15,1610612761,1610612765,147,1713,1747,2254,2547,283,1032,1112,1888,2419,78,5,5,4.507,5.0,2757,2835,4,PT02M03.00S,4,PT00M44.90S,96,82,101,87,95.099,81.004,99.606,86.004,2004-11-05,0,0,1,1
20400020,16,1610612761,1610612765,147,1713,1747,2050,2547,283,1032,1112,2419,2568,39,0,1,0.0,1.0,2835,2874,4,PT00M44.90S,4,PT00M05.70S,101,87,101,88,99.606,86.004,99.606,87.004,2004-11-05,0,0,1,1
20400020,17,1610612761,1610612765,1713,1747,1960,2050,2547,283,1032,1112,2419,2568,6,0,1,0.0,1.0,2874,2880,4,PT00M05.70S,4,PT00M00.00S,101,88,101,89,99.606,87.004,99.606,88.004,2004-11-05,0,0,1,1
20400021,0,1610612755,1610612756,243,947,1531,1903,2738,959,1890,2207,2405,2761,287,0,0,-0.692,-0.606,0,287,1,PT12M00.00S,1,PT07M13.00S,0,0,0,0,0.0,0.0,-0.692,-0.606,2004-11-05,0,0,1,1
20400021,1,1610612755,1610612756,243,947,1531,1903,2738,959,1890,2047,2207,2405,88,0,0,0.0,1.216,287,375,1,PT07M13.00S,1,PT05M45.00S,0,0,0,0,-0.692,-0.606,-0.692,0.61,2004-11-05,0,0,1,1
20400021,2,1610612755,1610612756,947,1903,2223,2584,2738,959,2047,2063,2207,2405,111,0,0,0.0,-1.457,375,486,1,PT05M45.00S,1,PT03M54.00S,0,0,0,0,-0.692,0.61,-0.692,-0.847,2004-11-05,0,0,1,1
20400021,3,1610612755,1610612756,722,947,2223,2584,2594,959,2047,2063,2207,2405,37,0,0,0.0,1.014,486,523,1,PT03M54.00S,1,PT03M17.00S,0,0,0,0,-0.692,-0.847,-0.692,0.167,2004-11-05,0,0,1,1
20400021,4,1610612755,1610612756,722,947,2223,2584,2594,1890,2047,2063,2207,2571,311,0,0,0.84,0.238,523,834,1,PT03M17.00S,2,PT10M06.00S,0,0,0,0,-0.692,0.167,0.147,0.405,2004-11-05,0,0,1,1
20400021,5,1610612755,1610612756,722,947,2223,2584,2738,959,1890,2063,2207,2405,31,0,0,0.0,0.0,834,865,2,PT10M06.00S,2,PT09M35.00S,0,0,0,0,0.147,0.405,0.147,0.405,2004-11-05,0,0,1,1
20400021,6,1610612755,1610612756,947,1903,2223,2584,2738,959,1890,2063,2207,2405,37,0,0,0.0,0.0,865,902,2,PT09M35.00S,2,PT08M58.00S,0,0,0,0,0.147,0.405,0.147,0.405,2004-11-05,0,0,1,1
20400021,7,1610612755,1610612756,947,1903,2223,2584,2738,959,1890,2063,2207,2405,27,29,36,29.0,36.0,902,929,2,PT08M58.00S,2,PT08M31.00S,0,0,29,36,0.147,0.405,29.147,36.405,2004-11-05,0,0,1,1
20400021,8,1610612755,1610612756,947,1531,1903,2584,2738,959,1890,2063,2207,2405,26,-29,-36,-29.0,-36.0,929,955,2,PT08M31.00S,2,PT08M05.00S,29,36,0,0,29.147,36.405,0.147,0.405,2004-11-05,0,0,1,1
20400021,9,1610612755,1610612756,947,1531,1903,2584,2738,959,1890,2047,2207,2405,66,0,0,0.0,-1.218,955,1021,2,PT08M05.00S,2,PT06M59.00S,0,0,0,0,0.147,0.405,0.147,-0.813,2004-11-05,0,0,1,1
20400021,10,1610612755,1610612756,947,1531,1903,2584,2738,959,1890,2047,2207,2405,95,0,0,1.021,0.0,1021,1116,2,PT06M59.00S,2,PT05M24.00S,0,0,0,0,0.147,-0.813,1.169,-0.813,2004-11-05,0,0,1,1
20400021,11,1610612755,1610612756,947,1730,1903,2584,2594,959,1890,2047,2207,2405,85,0,0,0.0,-3.389,1116,1201,2,PT05M24.00S,2,PT03M59.00S,0,0,0,0,1.169,-0.813,1.169,-4.202,2004-11-05,0,0,1,1
20400021,12,1610612755,1610612756,947,1730,1903,2584,2594,959,1890,2047,2063,2207,167,46,63,44.395,63.525,1201,1368,2,PT03M59.00S,2,PT01M12.00S,0,0,46,63,1.169,-4.202,45.564,59.323,2004-11-05,0,0,1,1
20400021,13,1610612755,1610612756,947,1730,1903,2584,2594,1890,2047,2063,2207,2571,6,1,1,1.0,1.0,1368,1374,2,PT01M12.00S,2,PT01M06.00S,46,63,47,64,45.564,59.323,46.564,60.323,2004-11-05,0,0,1,1
20400021,14,1610612755,1610612756,243,947,1730,1903,2594,1890,2047,2063,2207,2571,190,-47,-64,-47.867,-62.873,1374,1564,2,PT01M06.00S,3,PT09M56.00S,47,64,0,0,46.564,60.323,-1.303,-2.55,2004-11-05,0,0,1,1
20400021,15,1610612755,1610612756,243,947,1730,1903,2594,1890,2047,2207,2418,2571,124,-60,-71,-58.979,-71.581,1691,1815,3,PT07M49.00S,3,PT05M45.00S,60,71,0,0,59.719,69.464,0.74,-2.117,2004-11-05,0,0,1,1
20400021,16,1610612755,1610612756,243,722,1730,2223,2594,2047,2063,2207,2405,2571,251,0,0,-1.396,0.539,1993,2244,3,PT02M47.00S,4,PT10M36.00S,0,0,0,0,1.728,-0.068,0.331,0.471,2004-11-05,0,0,1,1
20400021,17,1610612755,1610612756,243,722,1531,1730,2594,2047,2063,2207,2405,2571,80,0,0,0.0,0.0,2244,2324,4,PT10M36.00S,4,PT09M16.00S,0,0,0,0,0.331,0.471,0.331,0.471,2004-11-05,0,0,1,1
20400022,0,1610612738,1610612754,56,1548,1711,1718,1729,1506,1513,1536,1897,2410,139,6,5,6.897,3.271,0,139,1,PT12M00.00S,1,PT09M41.00S,0,0,6,5,0.0,0.0,6.897,3.271,2004-11-05,0,0,1,1
20400022,1,1610612738,1610612754,339,1548,1718,1729,2412,979,1536,2109,2410,2758,34,0,0,0.0,0.0,582,616,1,PT02M18.00S,1,PT01M44.00S,25,19,25,19,24.322,19.209,24.322,19.209,2004-11-05,0,0,1,1
20400022,2,1610612738,1610612754,339,1548,1718,2412,2754,979,1536,2109,2410,2758,54,0,5,0.0,5.0,616,670,1,PT01M44.00S,1,PT00M50.10S,25,19,25,24,24.322,19.209,24.322,24.209,2004-11-05,0,0,1,1
20400022,3,1610612738,1610612754,339,2412,2556,2744,2754,979,1536,2109,2410,2758,101,3,2,1.319,2.0,670,771,1,PT00M50.10S,2,PT11M09.00S,25,24,28,26,24.322,24.209,25.64,26.209,2004-11-05,0,0,1,1
20400022,4,1610612738,1610612754,339,2412,2556,2744,2754,979,1897,2109,2410,2758,35,0,2,0.0,2.0,771,806,2,PT11M09.00S,2,PT10M34.00S,28,26,28,28,25.64,26.209,25.64,28.209,2004-11-05,0,0,1,1
20400022,5,1610612738,1610612754,339,2412,2556,2744,2754,1506,1897,2109,2410,2758,24,0,0,0.0,0.0,806,830,2,PT10M34.00S,2,PT10M10.00S,28,28,28,28,25.64,28.209,25.64,28.209,2004-11-05,0,0,1,1
20400022,6,1610612738,1610612754,339,1711,2412,2556,2754,1506,1897,2109,2410,2758,44,2,1,2.0,1.0,830,874,2,PT10M10.00S,2,PT09M26.00S,28,28,30,29,25.64,28.209,27.64,29.209,2004-11-05,0,0,1,1
20400022,7,1610612738,1610612754,56,962,1548,2412,2754,1506,1897,2109,2410,2758,87,2,4,2.977,2.303,874,961,2,PT09M26.00S,2,PT07M59.00S,30,29,32,33,27.64,29.209,30.617,31.512,2004-11-05,0,0,1,1
20400022,8,1610612738,1610612754,56,962,1548,1718,2412,1506,1897,2109,2410,2758,51,4,1,4.0,1.0,961,1012,2,PT07M59.00S,2,PT07M08.00S,32,33,36,34,30.617,31.512,34.617,32.512,2004-11-05,0,0,1,1
20400022,9,1610612738,1610612754,56,962,1548,1718,1729,1506,1513,1897,2224,2410,55,2,0,3.208,0.978,1012,1067,2,PT07M08.00S,2,PT06M13.00S,36,34,38,34,34.617,32.512,37.826,33.49,2004-11-05,0,0,1,1
20400022,10,1610612738,1610612754,56,962,1548,1718,1729,979,1506,1897,2224,2410,118,4,4,4.0,4.0,1067,1185,2,PT06M13.00S,2,PT04M15.00S,38,34,42,38,37.826,33.49,41.826,37.49,2004-11-05,0,0,1,1
20400022,11,1610612738,1610612754,56,962,1548,1718,1729,979,1506,1536,1897,2109,36,2,1,2.0,1.0,1185,1221,2,PT04M15.00S,2,PT03M39.00S,42,38,44,39,41.826,37.49,43.826,38.49,2004-11-05,0,0,1,1
20400022,12,1610612738,1610612754,56,962,1718,1729,2744,979,1506,1536,1897,2109,179,6,8,6.977,8.0,1221,1400,2,PT03M39.00S,2,PT00M39.60S,44,39,50,47,43.826,38.49,50.803,46.49,2004-11-05,0,0,1,1
20400022,13,1610612738,1610612754,56,962,1718,1729,2744,1506,1513,1536,2109,2410,17,1,2,1.0,2.0,1400,1417,2,PT00M39.60S,2,PT00M22.90S,50,47,51,49,50.803,46.49,51.803,48.49,2004-11-05,0,0,1,1
20400022,14,1610612738,1610612754,56,339,1718,1729,2744,979,1506,1536,2109,2410,217,1,7,3.103,7.373,1417,1634,2,PT00M22.90S,3,PT08M46.00S,51,49,52,56,51.803,48.49,54.906,55.863,2004-11-05,0,0,1,1
20400022,15,1610612738,1610612754,56,339,1718,1729,2744,979,1506,1536,2109,2410,244,9,2,8.57,1.055,1634,1878,3,PT08M46.00S,3,PT04M42.00S,52,56,61,58,54.906,55.863,63.476,56.918,2004-11-05,0,0,1,1
20400022,16,1610612738,1610612754,339,1729,2412,2744,2754,979,1536,2224,2410,2758,14,3,0,3.0,0.0,2288,2302,4,PT09M52.00S,4,PT09M38.00S,72,71,75,71,72.901,66.627,75.901,66.627,2004-11-05,0,0,1,1
20400022,17,1610612738,1610612754,339,1729,2412,2744,2754,1506,1536,2224,2410,2758,123,2,4,2.0,4.0,2302,2425,4,PT09M38.00S,4,PT07M35.00S,75,71,77,75,75.901,66.627,77.901,70.627,2004-11-05,0,0,1,1
20400022,18,1610612738,1610612754,56,339,1548,1718,1729,1506,1536,2224,2410,2758,25,0,1,0.0,1.0,2425,2450,4,PT07M35.00S,4,PT07M10.00S,77,75,77,76,77.901,70.627,77.901,71.627,2004-11-05,0,0,1,1
20400022,19,1610612738,1610612754,56,962,1548,1718,1729,1506,1536,2224,2410,2758,74,3,3,3.0,3.0,2450,2524,4,PT07M10.00S,4,PT05M56.00S,77,76,80,79,77.901,71.627,80.901,74.627,2004-11-05,0,0,1,1
20400022,20,1610612738,1610612754,56,962,1548,1718,1729,1506,1897,2224,2410,2758,110,0,5,0.968,4.148,2524,2634,4,PT05M56.00S,4,PT04M06.00S,80,79,80,84,80.901,74.627,81.868,78.775,2004-11-05,0,0,1,1
20400022,21,1610612738,1610612754,56,962,1548,1718,1729,979,1506,1897,2224,2410,196,5,8,5.977,8.0,2634,2830,4,PT04M06.00S,4,PT00M50.30S,80,84,85,92,81.868,78.775,87.845,86.775,2004-11-05,0,0,1,1
20400022,22,1610612738,1610612754,56,962,1711,1718,1729,979,1506,1897,2224,2410,14,4,2,2.406,2.0,2830,2844,4,PT00M50.30S,4,PT00M36.50S,85,92,89,94,87.845,86.775,90.251,88.775,2004-11-05,0,0,1,1
20400022,23,1610612738,1610612754,56,1711,1718,1729,2412,1506,1536,1897,2224,2410,36,5,6,4.533,6.0,2844,2880,4,PT00M36.50S,4,PT00M00.00S,89,94,94,100,90.251,88.775,94.784,94.775,2004-11-05,0,0,1,1
20400023,0,1610612763,1610612745,953,1715,1719,1899,2200,369,754,1503,1508,2397,386,0,0,0.241,-4.92,0,386,1,PT12M00.00S,1,PT05M34.00S,0,0,0,0,0.0,0.0,0.241,-4.92,2004-11-05,0,0,1,1
20400023,1,1610612763,1610612745,1715,2031,2034,2200,2203,369,436,754,1503,2397,37,0,0,0.0,0.997,386,423,1,PT05M34.00S,1,PT04M57.00S,0,0,0,0,0.241,-4.92,0.241,-3.923,2004-11-05,0,0,1,1
20400023,2,1610612763,1610612745,2031,2034,2200,2203,2248,369,436,754,1503,2397,56,0,0,0.0,-0.0,423,479,1,PT04M57.00S,1,PT04M01.00S,0,0,0,0,0.241,-3.923,0.241,-3.923,2004-11-05,0,0,1,1
20400023,3,1610612763,1610612745,2031,2034,2073,2203,2248,369,436,754,1503,2397,46,0,0,0.0,0.0,479,525,1,PT04M01.00S,1,PT03M15.00S,0,0,0,0,0.241,-3.923,0.241,-3.923,2004-11-05,0,0,1,1
20400023,4,1610612763,1610612745,2031,2034,2073,2203,2248,87,369,436,754,1503,5,0,0,0.0,0.0,525,530,1,PT03M15.00S,1,PT03M10.00S,0,0,0,0,0.241,-3.923,0.241,-3.923,2004-11-05,0,0,1,1
20400023,5,1610612763,1610612745,2031,2034,2073,2203,2248,87,436,754,1503,1731,75,0,0,0.0,0.0,530,605,1,PT03M10.00S,1,PT01M55.00S,0,0,0,0,0.241,-3.923,0.241,-3.923,2004-11-05,0,0,1,1
20400023,6,1610612763,1610612745,2031,2034,2073,2203,2248,87,436,754,1731,2411,134,19,23,17.469,24.017,605,739,1,PT01M55.00S,2,PT11M41.00S,0,0,19,23,0.241,-3.923,17.71,20.094,2004-11-05,0,0,1,1
20400023,7,1610612763,1610612745,2031,2034,2073,2203,2248,87,436,1503,1731,2411,35,-19,-23,-19.0,-23.0,739,774,2,PT11M41.00S,2,PT11M06.00S,19,23,0,0,17.71,20.094,-1.29,-2.906,2004-11-05,0,0,1,1
20400023,8,1610612763,1610612745,1715,2031,2034,2073,2203,87,436,1503,1731,2411,79,0,0,0.0,-1.556,774,853,2,PT11M06.00S,2,PT09M47.00S,0,0,0,0,-1.29,-2.906,-1.29,-4.462,2004-11-05,0,0,1,1
20400023,9,1610612763,1610612745,1715,2031,2034,2073,2203,87,436,1503,1731,2411,101,28,32,28.0,30.29,853,954,2,PT09M47.00S,2,PT08M06.00S,0,0,28,32,-1.29,-4.462,26.71,25.828,2004-11-05,0,0,1,1
20400023,10,1610612763,1610612745,1715,2031,2034,2200,2203,436,1503,1731,2397,2411,108,-28,-32,-29.747,-32.0,954,1062,2,PT08M06.00S,2,PT06M18.00S,28,32,0,0,26.71,25.828,-3.038,-6.172,2004-11-05,0,0,1,1
20400023,11,1610612763,1610612745,1715,2031,2034,2200,2203,754,1503,1508,1731,2397,62,0,0,0.959,0.0,1062,1124,2,PT06M18.00S,2,PT05M16.00S,0,0,0,0,-3.038,-6.172,-2.078,-6.172,2004-11-05,0,0,1,1
20400023,12,1610612763,1610612745,1715,2031,2034,2200,2203,754,1503,1508,1731,2397,61,34,36,34.0,36.0,1124,1185,2,PT05M16.00S,2,PT04M15.00S,0,0,34,36,-2.078,-6.172,31.922,29.828,2004-11-05,0,0,1,1
20400023,13,1610612763,1610612745,1715,2031,2034,2200,2203,87,754,1503,1508,1731,40,-34,-36,-32.825,-36.0,1185,1225,2,PT04M15.00S,2,PT03M35.00S,34,36,0,0,31.922,29.828,-0.903,-6.172,2004-11-05,0,0,1,1
20400023,14,1610612763,1610612745,1715,2031,2034,2200,2203,87,436,754,1503,1731,59,0,0,-0.0,0.0,1225,1284,2,PT03M35.00S,2,PT02M36.00S,0,0,0,0,-0.903,-6.172,-0.903,-6.172,2004-11-05,0,0,1,1
20400023,15,1610612763,1610612745,1715,2031,2034,2200,2203,87,436,754,1731,1763,142,38,41,36.467,41.0,1284,1426,2,PT02M36.00S,2,PT00M13.90S,0,0,38,41,-0.903,-6.172,35.564,34.828,2004-11-05,0,0,1,1
20400023,16,1610612763,1610612745,1715,2031,2034,2200,2203,87,436,754,1731,2411,11,-38,-41,-38.0,-41.0,1426,1437,2,PT00M13.90S,2,PT00M03.20S,38,41,0,0,35.564,34.828,-2.436,-6.172,2004-11-05,0,1,1,1
20400023,17,1610612763,1610612745,1715,2031,2034,2200,2203,87,754,1731,1763,2411,327,0,0,0.572,-1.609,1437,1764,2,PT00M03.20S,3,PT06M36.00S,0,0,0,0,-2.436,-6.172,-1.864,-7.781,2004-11-05,0,1,1,1
20400024,0,1610612740,1610612753,133,136,248,1884,2048,255,1509,1749,1883,2730,387,0,0,3.0,0.0,0,387,1,PT12M00.00S,1,PT05M33.00S,0,0,0,0,0.0,0.0,3.0,0.0,2004-11-05,0,0,1,1
20400024,1,1610612740,1610612753,133,136,915,1884,2365,255,1509,1749,1883,2730,78,10,12,10.0,12.0,387,465,1,PT05M33.00S,1,PT04M15.00S,0,0,10,12,3.0,0.0,13.0,12.0,2004-11-05,0,0,1,1
20400024,2,1610612740,1610612753,133,136,353,915,2365,255,1499,1749,1883,2730,35,0,1,0.0,1.0,465,500,1,PT04M15.00S,1,PT03M40.00S,10,12,10,13,13.0,12.0,13.0,13.0,2004-11-05,0,0,1,1
20400024,3,1610612740,1610612753,133,136,353,915,2365,1499,1749,1883,2045,2730,40,-10,-13,-10.0,-11.885,500,540,1,PT03M40.00S,1,PT03M00.00S,10,13,0,0,13.0,13.0,3.0,1.115,2004-11-05,0,0,1,1
20400024,4,1610612740,1610612753,133,136,353,915,2365,1499,1749,2045,2730,2749,47,0,0,0.0,0.0,540,587,1,PT03M00.00S,1,PT02M13.00S,0,0,0,0,3.0,1.115,3.0,1.115,2004-11-05,0,0,1,1
20400024,5,1610612740,1610612753,133,136,353,915,2365,1499,1727,1749,2045,2749,20,0,0,0.0,0.0,587,607,1,PT02M13.00S,1,PT01M53.00S,0,0,0,0,3.0,1.115,3.0,1.115,2004-11-05,0,0,1,1
20400024,6,1610612740,1610612753,133,136,353,915,2365,278,1499,1727,2045,2749,73,0,0,0.946,0.0,607,680,1,PT01M53.00S,1,PT00M40.50S,0,0,0,0,3.0,1.115,3.946,1.115,2004-11-05,0,0,1,1
20400024,7,1610612740,1610612753,133,353,915,2365,2561,278,1499,1727,2045,2749,152,17,22,18.929,20.408,680,832,1,PT00M40.50S,2,PT10M08.00S,0,0,17,22,3.946,1.115,22.875,21.523,2004-11-05,0,0,1,1
20400024,8,1610612740,1610612753,133,248,353,2365,2561,278,1499,1727,2045,2749,62,-17,-22,-17.0,-22.0,832,894,2,PT10M08.00S,2,PT09M06.00S,17,22,0,0,22.875,21.523,5.875,-0.477,2004-11-05,0,0,1,1
20400024,9,1610612740,1610612753,133,248,1884,2048,2561,1499,1727,1883,2045,2052,169,0,0,-1.762,0.0,894,1063,2,PT09M06.00S,2,PT06M17.00S,0,0,0,0,5.875,-0.477,4.113,-0.477,2004-11-05,0,0,1,1
20400024,10,1610612740,1610612753,353,915,1884,2365,2561,1499,1727,1749,1883,2045,70,0,0,1.02,0.0,1973,2043,3,PT03M07.00S,3,PT01M57.00S,0,0,0,0,1.075,0.043,2.095,0.043,2004-11-05,0,0,1,1
20400024,11,1610612740,1610612753,353,915,1884,2365,2561,255,1499,1727,2045,2749,100,0,0,0.0,1.098,2043,2143,3,PT01M57.00S,3,PT00M16.90S,0,0,0,0,2.095,0.043,2.095,1.14,2004-11-05,0,0,1,1
20400024,12,1610612740,1610612753,353,915,2365,2561,2747,255,1499,1727,2045,2749,107,0,0,0.0,-1.592,2143,2250,3,PT00M16.90S,4,PT10M30.00S,0,0,0,0,2.095,1.14,2.095,-0.452,2004-11-05,0,0,1,1
20400024,13,1610612740,1610612753,248,353,2365,2561,2747,255,1499,1727,2045,2749,55,0,0,0.0,0.0,2250,2305,4,PT10M30.00S,4,PT09M35.00S,0,0,0,0,2.095,-0.452,2.095,-0.452,2004-11-05,0,0,1,1
20400024,14,1610612740,1610612753,136,248,353,2365,2747,255,1499,1727,2045,2052,75,0,0,-0.662,-1.616,2305,2380,4,PT09M35.00S,4,PT08M20.00S,0,0,0,0,2.095,-0.452,1.433,-2.067,2004-11-05,0,0,1,1
20400024,15,1610612740,1610612753,136,248,353,1884,2048,255,1509,1727,2045,2052,27,0,0,0.0,0.0,2380,2407,4,PT08M20.00S,4,PT07M53.00S,0,0,0,0,1.433,-2.067,1.433,-2.067,2004-11-05,0,0,1,1
20400024,16,1610612740,1610612753,136,248,353,1884,2048,255,1509,1727,1749,1883,123,0,0,-0.0,0.0,2407,2530,4,PT07M53.00S,4,PT05M50.00S,0,0,0,0,1.433,-2.067,1.433,-2.067,2004-11-05,0,0,1,1
20400024,17,1610612740,1610612753,133,136,248,1884,2048,1509,1749,1883,2045,2730,165,0,0,0.0,0.989,2530,2695,4,PT05M50.00S,4,PT03M05.00S,0,0,0,0,1.433,-2.067,1.433,-1.078,2004-11-05,0,0,1,1
20400024,18,1610612740,1610612753,133,136,248,1884,2048,255,1509,1749,1883,2730,124,0,0,-3.324,0.0,2695,2819,4,PT03M05.00S,4,PT01M01.00S,0,0,0,0,1.433,-1.078,-1.891,-1.078,2004-11-05,0,0,1,1
20400024,19,1610612740,1610612753,133,136,915,1884,2048,255,1509,1749,1883,2730,42,0,0,-0.611,0.0,2819,2861,4,PT01M01.00S,4,PT00M18.90S,0,0,0,0,-1.891,-1.078,-2.502,-1.078,2004-11-05,0,0,1,1
20400024,20,1610612740,1610612753,133,248,353,915,1884,255,1727,1749,1883,2045,16,0,0,0.0,2.268,2861,2877,4,PT00M18.90S,4,PT00M02.70S,0,0,0,0,-2.502,-1.078,-2.502,1.19,2004-11-05,0,0,1,1
20400024,21,1610612740,1610612753,133,353,915,1884,2048,255,278,1749,1883,2045,3,0,0,0.0,0.0,2877,2880,4,PT00M02.70S,4,PT00M00.00S,0,0,0,0,-2.502,1.19,-2.502,1.19,2004-11-05,0,0,1,1
20400025,0,1610612741,1610612751,970,2199,2550,2732,2804,677,1500,1521,2210,2215,349,6,6,10.441,6.0,0,349,1,PT12M00.00S,1,PT06M11.00S,0,0,6,6,0.0,0.0,10.441,6.0,2004-11-05,0,0,1,1
20400025,1,1610612741,1610612751,970,2199,2550,2732,2804,297,1500,1521,2210,2215,72,3,5,1.387,5.0,349,421,1,PT06M11.00S,1,PT04M59.00S,6,6,9,11,10.441,6.0,11.828,11.0,2004-11-05,0,0,1,1
20400025,2,1610612741,1610612751,2199,2550,2736,2804,2876,297,1500,1521,2210,2215,123,2,4,2.0,4.0,421,544,1,PT04M59.00S,1,PT02M56.00S,9,11,11,15,11.828,11.0,13.828,15.0,2004-11-05,0,0,1,1
20400025,3,1610612741,1610612751,15,2199,2550,2736,2876,297,1500,1521,2210,2215,89,0,4,1.093,4.0,544,633,1,PT02M56.00S,1,PT01M27.00S,11,15,11,19,13.828,15.0,14.921,19.0,2004-11-05,0,0,1,1
20400025,4,1610612741,1610612751,15,2550,2736,2804,2876,297,1521,1934,2210,2215,39,2,1,2.0,1.0,633,672,1,PT01M27.00S,1,PT00M47.50S,11,20,13,21,14.921,20.0,16.921,21.0,2004-11-05,0,0,1,1
20400025,5,1610612741,1610612751,15,2550,2736,2804,2876,297,1521,1934,2210,2243,26,0,3,0.0,3.0,672,698,1,PT00M47.50S,1,PT00M22.10S,13,21,13,24,16.921,21.0,16.921,24.0,2004-11-05,0,0,1,1
20400025,6,1610612741,1610612751,15,2550,2736,2804,2876,297,1500,1521,1934,2243,65,2,5,3.108,3.253,698,763,1,PT00M22.10S,2,PT11M17.00S,13,24,15,29,16.921,24.0,20.03,27.253,2004-11-05,0,0,1,1
20400025,7,1610612741,1610612751,15,2550,2736,2804,2876,1425,1500,1521,1934,2243,24,0,3,0.0,3.0,763,787,2,PT11M17.00S,2,PT10M53.00S,15,29,15,32,20.03,27.253,20.03,30.253,2004-11-05,0,0,1,1
20400025,8,1610612741,1610612751,15,2199,2550,2804,2876,1425,1500,1521,1934,2243,43,0,4,2.289,2.154,787,830,2,PT10M53.00S,2,PT10M10.00S,15,32,15,36,20.03,30.253,22.319,32.407,2004-11-05,0,0,1,1
20400025,9,1610612741,1610612751,2199,2550,2768,2804,2876,1425,1500,1521,1934,2243,19,0,0,0.0,0.0,830,849,2,PT10M10.00S,2,PT09M51.00S,15,36,15,36,22.319,32.407,22.319,32.407,2004-11-05,0,0,1,1
20400025,10,1610612741,1610612751,2199,2550,2768,2804,2876,677,1425,1500,1521,1934,83,0,5,0.0,3.511,849,932,2,PT09M51.00S,2,PT08M28.00S,15,36,15,41,22.319,32.407,22.319,35.918,2004-11-05,0,0,1,1
20400025,11,1610612741,1610612751,970,2199,2732,2768,2804,677,1425,1500,1521,1934,49,3,2,3.0,2.0,932,981,2,PT08M28.00S,2,PT07M39.00S,15,41,18,43,22.319,35.918,25.319,37.918,2004-11-05,0,0,1,1
20400025,12,1610612741,1610612751,970,2199,2732,2768,2804,1425,1500,1521,2210,2215,159,4,6,5.183,6.861,981,1140,2,PT07M39.00S,2,PT05M00.00S,18,43,22,49,25.319,37.918,30.502,44.779,2004-11-05,0,0,1,1
20400025,13,1610612741,1610612751,1559,2199,2550,2768,2804,297,1500,1521,2210,2215,35,0,0,0.0,0.0,1140,1175,2,PT05M00.00S,2,PT04M25.00S,22,49,22,49,30.502,44.779,30.502,44.779,2004-11-05,0,0,1,1
20400025,14,1610612741,1610612751,1559,2199,2550,2768,2804,297,1521,1934,2210,2215,108,4,3,3.076,4.069,1175,1283,2,PT04M25.00S,2,PT02M37.00S,22,49,26,52,30.502,44.779,33.578,48.848,2004-11-05,0,0,1,1
20400025,15,1610612741,1610612751,1559,2550,2736,2768,2804,297,1521,1934,2210,2215,56,3,1,2.566,1.96,1283,1339,2,PT02M37.00S,2,PT01M41.00S,26,52,29,53,33.578,48.848,36.144,50.807,2004-11-05,0,0,1,1
20400025,16,1610612741,1610612751,1559,2550,2736,2768,2804,677,1521,1934,2210,2215,93,6,2,4.377,2.0,1339,1432,2,PT01M41.00S,2,PT00M07.60S,29,53,35,55,36.144,50.807,40.522,52.807,2004-11-05,0,0,1,1
20400025,17,1610612741,1610612751,1559,2550,2736,2768,2804,1500,1521,1934,2210,2215,98,2,5,2.0,3.219,1432,1530,2,PT00M07.60S,3,PT10M30.00S,35,55,37,60,40.522,52.807,42.522,56.027,2004-11-05,0,0,1,1
20400025,18,1610612741,1610612751,2199,2550,2736,2768,2804,297,696,1500,1521,2210,65,5,0,4.393,0.0,2353,2418,4,PT08M47.00S,4,PT07M42.00S,74,77,79,77,75.393,75.071,79.786,75.071,2004-11-05,0,0,1,1
20400025,19,1610612741,1610612751,970,2550,2736,2768,2804,297,1500,1521,2210,2215,143,5,2,5.536,2.0,2626,2769,4,PT04M14.00S,4,PT01M51.00S,84,84,89,86,84.313,83.2,89.849,85.2,2004-11-05,0,0,1,1
20400025,20,1610612741,1610612751,970,2550,2736,2768,2804,677,1500,1521,2210,2215,21,1,1,1.0,1.0,2769,2790,4,PT01M51.00S,4,PT01M30.00S,89,86,90,87,89.849,85.2,90.849,86.2,2004-11-05,0,0,1,1
20400025,21,1610612741,1610612751,970,2550,2736,2768,2804,677,696,1521,2210,2215,80,3,5,3.0,5.999,2790,2870,4,PT01M30.00S,4,PT00M09.90S,90,87,93,92,90.849,86.2,93.849,92.199,2004-11-05,0,0,1,1
20400025,22,1610612741,1610612751,1559,2550,2736,2768,2804,677,696,1521,2210,2215,182,4,4,7.243,5.069,2870,3052,4,PT00M09.90S,5,PT02M08.00S,93,92,97,96,93.849,92.199,101.092,97.268,2004-11-05,0,0,1,1
20400025,23,1610612741,1610612751,1559,2550,2736,2768,2804,677,696,1500,2210,2215,26,0,3,0.0,1.269,3052,3078,5,PT02M08.00S,5,PT01M42.00S,97,96,97,99,101.092,97.268,101.092,98.537,2004-11-05,0,0,1,1
20400025,24,1610612741,1610612751,1559,2550,2736,2768,2804,297,677,696,1500,2210,6,0,0,0.0,0.0,3078,3084,5,PT01M42.00S,5,PT01M36.00S,97,99,97,99,101.092,98.537,101.092,98.537,2004-11-05,0,0,1,1
20400025,25,1610612741,1610612751,1559,2550,2736,2768,2804,297,696,1500,1521,2210,77,2,0,2.0,1.218,3084,3161,5,PT01M36.00S,5,PT00M19.00S,97,99,99,99,101.092,98.537,103.092,99.755,2004-11-05,0,0,1,1
20400025,26,1610612741,1610612751,1559,2550,2736,2768,2804,297,696,1500,1934,2210,17,0,0,0.0,0.0,3161,3178,5,PT00M19.00S,5,PT00M02.00S,99,99,99,99,103.092,99.755,103.092,99.755,2004-11-05,0,0,1,1
20400025,27,1610612741,1610612751,1559,2550,2736,2768,2804,297,1500,1521,1934,2210,152,2,4,3.035,4.0,3178,3330,5,PT00M02.00S,6,PT02M30.00S,99,99,101,103,103.092,99.755,106.127,103.755,2004-11-05,0,0,1,1
20400026,0,1610612757,1610612746,689,757,949,1507,2216,1882,1894,2060,2250,2404,648,0,0,-1.734,2.21,0,648,1,PT12M00.00S,1,PT01M12.00S,0,0,0,0,0.0,0.0,-1.734,2.21,2004-11-05,0,0,1,1
20400026,1,1610612757,1610612746,89,689,949,1507,2216,1594,1882,2250,2404,2733,54,0,0,0.0,0.0,648,702,1,PT01M12.00S,1,PT00M18.50S,0,0,0,0,-1.734,2.21,-1.734,2.21,2004-11-05,0,0,1,1
20400026,2,1610612757,1610612746,89,949,1507,1739,2216,1594,1882,2250,2404,2733,144,0,0,-1.734,0.993,702,846,1,PT00M18.50S,2,PT09M54.00S,0,0,0,0,-1.734,2.21,-3.469,3.203,2004-11-05,0,0,1,1
20400026,3,1610612757,1610612746,89,689,757,949,2216,1882,1894,2060,2404,2733,63,-43,-34,-41.912,-34.0,1108,1171,2,PT05M32.00S,2,PT04M29.00S,43,34,0,0,40.619,38.232,-1.293,4.232,2004-11-05,0,0,1,1
20400026,4,1610612757,1610612746,689,757,949,1507,2216,1882,1894,2060,2250,2404,101,-44,-36,-44.0,-37.678,1171,1272,2,PT04M29.00S,2,PT02M48.00S,44,36,0,0,42.707,40.232,-1.293,2.554,2004-11-05,0,0,1,1
20400026,5,1610612757,1610612746,757,949,1507,2032,2216,1882,1894,2060,2250,2404,65,0,0,0.0,-1.706,1272,1337,2,PT02M48.00S,2,PT01M43.00S,0,0,0,0,-1.293,2.554,-1.293,0.848,2004-11-05,0,0,1,1
20400026,6,1610612757,1610612746,757,949,1507,2032,2216,1882,1894,2060,2404,2733,96,0,0,0.0,1.001,1337,1433,2,PT01M43.00S,2,PT00M07.20S,0,0,0,0,-1.293,0.848,-1.293,1.848,2004-11-05,0,0,1,1
20400026,7,1610612757,1610612746,757,949,1739,2032,2216,1882,1894,2060,2404,2733,365,0,0,-0.728,3.15,1433,1798,2,PT00M07.20S,3,PT06M02.00S,0,0,0,0,-1.293,1.848,-2.021,4.999,2004-11-05,0,0,1,1
20400026,8,1610612757,1610612746,89,757,949,1739,2216,1882,2404,2624,2733,2763,108,-79,-69,-79.0,-69.0,2270,2378,4,PT10M10.00S,4,PT08M22.00S,79,69,0,0,76.979,72.52,-2.021,3.52,2004-11-05,0,0,1,1
20400026,9,1610612757,1610612746,89,689,757,949,1739,1882,1894,2404,2624,2763,26,0,0,0.0,0.0,2571,2597,4,PT05M09.00S,4,PT04M43.00S,0,0,0,0,-3.64,4.531,-3.64,4.531,2004-11-05,0,0,1,1
20400026,10,1610612757,1610612746,89,757,949,1739,2216,1882,1894,2404,2624,2763,102,0,0,0.0,0.865,2597,2699,4,PT04M43.00S,4,PT03M01.00S,0,0,0,0,-3.64,4.531,-3.64,5.396,2004-11-05,0,0,1,1
20400026,11,1610612757,1610612746,89,757,949,1739,2216,1882,2250,2404,2624,2763,73,0,0,1.008,0.0,2699,2772,4,PT03M01.00S,4,PT01M48.00S,0,0,0,0,-3.64,5.396,-2.631,5.396,2004-11-05,0,0,1,1
20400026,12,1610612757,1610612746,89,689,757,1739,2216,1882,1894,2404,2624,2763,24,0,0,0.0,0.0,2772,2796,4,PT01M48.00S,4,PT01M24.00S,0,0,0,0,-2.631,5.396,-2.631,5.396,2004-11-05,0,0,1,1
20400026,13,1610612757,1610612746,757,89,689,1739,2566,1882,1894,2404,2624,2763,10,0,0,0.0,0.0,2796,2806,4,PT01M24.00S,4,PT01M14.00S,0,0,0,0,-2.631,5.396,-2.631,5.396,2004-11-05,1,0,1,1
20400026,14,1610612757,1610612746,89,689,1739,2499,2566,1882,1894,2404,2624,2763,74,94,81,94.0,81.0,2806,2880,4,PT01M14.00S,4,PT00M00.00S,0,0,94,81,-2.631,5.396,91.369,86.396,2004-11-05,1,0,1,1
20400027,0,1610612747,1610612759,1088,1885,1908,2036,2406,1477,1495,1725,1938,2225,278,0,0,0.0,-1.504,0,278,1,PT12M00.00S,1,PT07M22.00S,0,0,0,0,0.0,0.0,0.0,-1.504,2004-11-05,0,0,1,1
20400027,1,1610612747,1610612759,1885,1908,2357,2416,2567,109,699,1725,1938,2225,160,9,5,7.26,6.232,1981,2141,3,PT02M59.00S,3,PT00M18.90S,60,77,69,82,61.302,75.816,68.562,82.048,2004-11-05,0,0,1,1
20400027,2,1610612747,1610612759,258,1908,2357,2416,2567,109,699,1725,1938,2225,127,4,5,2.318,6.179,2141,2268,3,PT00M18.90S,4,PT10M12.00S,69,82,73,87,68.562,82.048,70.88,88.227,2004-11-05,0,0,1,1
20400027,3,1610612747,1610612759,258,1908,2357,2416,2567,109,699,1725,1938,2225,34,-73,-87,-73.0,-85.907,2268,2302,4,PT10M12.00S,4,PT09M38.00S,73,87,0,0,70.88,88.227,-2.12,2.32,2004-11-05,0,0,1,1
20400027,4,1610612747,1610612759,258,1908,2357,2416,2567,699,1495,1725,1938,2757,42,0,0,1.109,1.142,2302,2344,4,PT09M38.00S,4,PT08M56.00S,0,0,0,0,-2.12,2.32,-1.011,3.462,2004-11-05,0,0,1,1
20400027,5,1610612747,1610612759,258,1908,2357,2406,2567,699,1477,1495,1725,2757,107,0,0,0.0,0.0,2344,2451,4,PT08M56.00S,4,PT07M09.00S,0,0,0,0,-1.011,3.462,-1.011,3.462,2004-11-05,0,0,1,1
20400027,6,1610612747,1610612759,258,1885,1908,2357,2406,699,1477,1495,1725,2757,55,0,0,0.0,-1.565,2451,2506,4,PT07M09.00S,4,PT06M14.00S,0,0,0,0,-1.011,3.462,-1.011,1.896,2004-11-05,0,0,1,1
20400027,7,1610612747,1610612759,1088,1885,1908,2036,2406,699,1495,1725,1938,2225,208,0,0,-3.237,1.093,2506,2714,4,PT06M14.00S,4,PT02M46.00S,0,0,0,0,-1.011,1.896,-4.247,2.989,2004-11-05,0,0,1,1
20400028,0,1610612744,1610612762,1502,2049,2202,2211,2399,1905,1921,2260,2430,2693,337,0,0,0.816,0.0,0,337,1,PT12M00.00S,1,PT06M23.00S,0,0,0,0,0.0,0.0,0.816,0.0,2004-11-05,0,0,1,1
20400028,1,1610612744,1610612762,361,2049,2202,2211,2399,1905,1921,2260,2430,2693,56,0,0,1.173,0.0,337,393,1,PT06M23.00S,1,PT05M27.00S,0,0,0,0,0.816,0.0,1.99,0.0,2004-11-05,0,0,1,1
20400028,2,1610612744,1610612762,361,2049,2059,2202,2399,1905,1921,2260,2430,2693,83,0,0,0.0,0.0,393,476,1,PT05M27.00S,1,PT04M04.00S,0,0,0,0,1.99,0.0,1.99,0.0,2004-11-05,0,0,1,1
20400028,3,1610612744,1610612762,361,384,2049,2059,2202,1905,1921,2260,2430,2693,1,0,0,0.0,0.0,476,477,1,PT04M04.00S,1,PT04M03.00S,0,0,0,0,1.99,0.0,1.99,0.0,2004-11-05,0,0,1,1
20400028,4,1610612744,1610612762,361,384,2049,2059,2202,1723,1921,2260,2430,2693,62,7,24,7.0,24.0,477,539,1,PT04M03.00S,1,PT03M01.00S,0,0,7,24,1.99,0.0,8.99,24.0,2004-11-05,0,0,1,1
20400028,5,1610612744,1610612762,361,384,2049,2059,2202,1723,1952,2260,2430,2693,56,-7,-24,-7.0,-24.0,539,595,1,PT03M01.00S,1,PT02M05.00S,7,24,0,0,8.99,24.0,1.99,0.0,2004-11-05,0,0,1,1
20400028,6,1610612744,1610612762,361,384,965,2049,2059,1723,1952,2246,2430,2693,42,0,0,1.081,0.0,595,637,1,PT02M05.00S,1,PT01M23.00S,0,0,0,0,1.99,0.0,3.071,0.0,2004-11-05,0,0,1,1
20400028,7,1610612744,1610612762,361,384,965,2049,2059,1723,1905,1952,2246,2693,70,13,27,13.0,27.0,637,707,1,PT01M23.00S,1,PT00M13.20S,0,0,13,27,3.071,0.0,16.071,27.0,2004-11-05,0,0,1,1
20400028,8,1610612744,1610612762,361,384,965,2049,2059,458,1723,1905,1952,2246,3,1,0,1.0,0.0,707,710,1,PT00M13.20S,1,PT00M10.50S,13,27,14,27,16.071,27.0,17.071,27.0,2004-11-05,0,0,1,1
20400028,9,1610612744,1610612762,361,384,965,2049,2211,458,1723,1905,1952,2246,199,-14,-27,-12.87,-26.015,710,909,1,PT00M10.50S,2,PT08M51.00S,14,27,0,0,17.071,27.0,4.201,0.985,2004-11-05,0,0,1,1
20400028,10,1610612744,1610612762,361,965,2049,2211,2399,458,1723,1905,1952,2246,77,0,0,1.008,0.0,909,986,2,PT08M51.00S,2,PT07M34.00S,0,0,0,0,4.201,0.985,5.209,0.985,2004-11-05,0,0,1,1
20400028,11,1610612744,1610612762,361,965,2049,2211,2399,458,1905,1952,2414,2430,101,0,0,1.1,0.0,986,1087,2,PT07M34.00S,2,PT05M53.00S,0,0,0,0,5.209,0.985,6.309,0.985,2004-11-05,0,0,1,1
20400028,12,1610612744,1610612762,905,965,2049,2211,2399,458,1905,1952,2414,2430,65,0,0,-0.0,0.0,1087,1152,2,PT05M53.00S,2,PT04M48.00S,0,0,0,0,6.309,0.985,6.309,0.985,2004-11-05,0,0,1,1
20400028,13,1610612744,1610612762,384,905,965,2059,2211,458,1723,1952,2414,2430,156,0,0,0.0,-1.218,1858,2014,3,PT05M02.00S,3,PT02M26.00S,0,0,0,0,2.397,0.011,2.397,-1.208,2004-11-05,0,0,1,1
20400028,14,1610612744,1610612762,361,384,905,965,2059,458,1723,1952,2414,2430,80,0,0,0.0,-1.968,2014,2094,3,PT02M26.00S,3,PT01M06.00S,0,0,0,0,2.397,-1.208,2.397,-3.175,2004-11-05,0,0,1,1
20400028,15,1610612744,1610612762,361,384,905,965,2059,458,1723,1905,1952,2414,134,0,0,1.1,0.0,2094,2228,3,PT01M06.00S,4,PT10M52.00S,0,0,0,0,2.397,-3.175,3.497,-3.175,2004-11-05,0,0,1,1
20400028,16,1610612744,1610612762,361,384,905,965,2211,458,1723,1905,1952,2414,127,0,0,-1.607,0.0,2228,2355,4,PT10M52.00S,4,PT08M45.00S,0,0,0,0,3.497,-3.175,1.89,-3.175,2004-11-05,0,0,1,1
20400029,0,1610612760,1610612737,951,1740,1744,2501,2557,72,788,952,1733,2564,374,0,0,-0.51,-0.719,0,374,1,PT12M00.00S,1,PT05M46.00S,0,0,0,0,0.0,0.0,-0.51,-0.719,2004-11-05,0,0,1,1
20400029,1,1610612760,1610612737,951,1498,1740,2209,2501,72,788,952,1733,2564,106,0,0,0.0,0.0,374,480,1,PT05M46.00S,1,PT04M00.00S,0,0,0,0,-0.51,-0.719,-0.51,-0.719,2004-11-05,0,0,1,1
20400029,2,1610612760,1610612737,951,1498,1740,2209,2501,72,952,1542,1733,2564,65,0,0,-0.327,0.0,480,545,1,PT04M00.00S,1,PT02M55.00S,0,0,0,0,-0.51,-0.719,-0.836,-0.719,2004-11-05,0,0,1,1
20400029,3,1610612760,1610612737,951,1498,1504,1740,2209,72,952,1542,1733,2564,45,0,0,0.0,0.0,545,590,1,PT02M55.00S,1,PT02M10.00S,0,0,0,0,-0.836,-0.719,-0.836,-0.719,2004-11-05,0,0,1,1
