game_id,stint_index,home_id,away_id,home_p1,home_p2,home_p3,home_p4,home_p5,away_p1,away_p2,away_p3,away_p4,away_p5,seconds,home_pts,away_pts,home_pts_adj,away_pts_adj,start_elapsed,end_elapsed,start_period,start_clock,end_period,end_clock,start_home_score,start_away_score,end_home_score,end_away_score,start_home_score_adj,start_away_score_adj,end_home_score_adj,end_away_score_adj,date,home_inferred_count,away_inferred_count,home_lineup_complete,away_lineup_complete
29900001,0,1610612752,1610612739,84,275,369,913,948,431,682,692,1510,1538,201,0,0,-2.545,0.968,0,201,1,PT12M00.00S,1,PT08M39.00S,0,0,0,0,0.0,0.0,-2.545,0.968,1999-11-02,0,0,1,1
29900001,1,1610612752,1610612739,84,275,369,913,948,95,682,692,1510,1538,202,19,9,17.55,9.0,201,403,1,PT08M39.00S,1,PT05M17.00S,0,0,19,9,-2.545,0.968,15.005,9.968,1999-11-02,0,0,1,1
29900001,2,1610612752,1610612739,84,275,369,913,948,95,445,682,692,1510,66,-19,-9,-19.0,-9.0,403,469,1,PT05M17.00S,1,PT04M11.00S,19,9,0,0,15.005,9.968,-3.995,0.968,1999-11-02,0,0,1,1
29900001,3,1610612752,1610612739,84,275,369,913,948,95,198,445,682,1510,138,0,0,-1.542,-1.739,469,607,1,PT04M11.00S,1,PT01M53.00S,0,0,0,0,-3.995,0.968,-5.537,-0.771,1999-11-02,0,0,1,1
29900001,4,1610612752,1610612739,84,275,369,703,948,95,198,445,682,1510,34,0,0,0.0,0.0,607,641,1,PT01M53.00S,1,PT01M19.00S,0,0,0,0,-5.537,-0.771,-5.537,-0.771,1999-11-02,0,0,1,1
29900001,5,1610612752,1610612739,164,275,369,703,948,95,198,445,682,1889,36,30,17,30.0,17.0,641,677,1,PT01M19.00S,1,PT00M42.60S,0,0,30,17,-5.537,-0.771,24.463,16.229,1999-11-02,0,0,1,1
29900001,6,1610612752,1610612739,164,275,369,703,961,95,198,445,682,1889,115,-30,-17,-29.042,-18.519,677,792,1,PT00M42.60S,2,PT10M48.00S,30,17,0,0,24.463,16.229,-4.579,-2.29,1999-11-02,0,1,1,1
29900001,7,1610612752,1610612739,164,201,275,703,961,95,431,445,682,1889,45,30,26,30.0,24.575,792,837,2,PT10M48.00S,2,PT10M03.00S,0,0,30,26,-4.579,-2.29,25.421,22.284,1999-11-02,0,1,1,1
29900001,8,1610612752,1610612739,84,164,201,703,961,95,431,445,682,1889,67,-30,-26,-30.0,-26.0,837,904,2,PT10M03.00S,2,PT08M56.00S,30,26,0,0,25.421,22.284,-4.579,-3.716,1999-11-02,0,1,1,1
29900001,9,1610612752,1610612739,84,275,369,913,961,95,198,445,682,1510,488,0,0,1.576,-0.9,1417,1905,2,PT00M23.10S,3,PT04M15.00S,0,0,0,0,-4.579,-5.14,-3.003,-6.04,1999-11-02,0,1,1,1
29900002,0,1610612751,1610612754,29,197,383,950,1496,22,147,349,397,905,244,0,0,-3.335,-2.513,0,244,1,PT12M00.00S,1,PT07M56.00S,0,0,0,0,0.0,0.0,-3.335,-2.513,1999-11-02,0,0,1,1
29900002,1,1610612751,1610612754,197,383,950,994,1496,22,147,349,397,905,206,0,0,-1.668,-1.517,244,450,1,PT07M56.00S,1,PT04M30.00S,0,0,0,0,-3.335,-2.513,-5.003,-4.03,1999-11-02,0,0,1,1
29900002,2,1610612751,1610612754,197,446,950,994,1496,22,147,349,397,905,52,20,26,20.0,26.0,450,502,1,PT04M30.00S,1,PT03M38.00S,0,0,20,26,-5.003,-4.03,14.997,21.97,1999-11-02,0,0,1,1
29900002,3,1610612751,1610612754,197,446,950,994,1496,64,147,349,397,905,44,-20,-26,-20.0,-27.604,502,546,1,PT03M38.00S,1,PT02M54.00S,20,26,0,0,14.997,21.97,-5.003,-5.634,1999-11-02,0,0,1,1
29900002,4,1610612751,1610612754,271,446,950,994,1496,64,147,349,397,1506,132,0,0,0.967,-1.75,546,678,1,PT02M54.00S,1,PT00M41.70S,0,0,0,0,-5.003,-5.634,-4.036,-7.384,1999-11-02,0,0,1,1
29900002,5,1610612751,1610612754,271,446,950,994,1496,64,397,696,1506,1733,80,0,0,0.0,0.0,678,758,1,PT00M41.70S,2,PT11M22.00S,0,0,0,0,-4.036,-7.384,-4.036,-7.384,1999-11-02,0,0,1,1
29900002,6,1610612751,1610612754,271,446,950,994,1496,64,696,904,1506,1733,14,0,0,0.0,0.0,758,772,2,PT11M22.00S,2,PT11M08.00S,0,0,0,0,-4.036,-7.384,-4.036,-7.384,1999-11-02,0,0,1,1
29900002,7,1610612751,1610612754,271,446,950,994,1496,64,696,904,1506,1733,58,0,0,0.0,0.0,772,830,2,PT11M08.00S,2,PT10M10.00S,0,0,0,0,-4.036,-7.384,-4.036,-7.384,1999-11-02,0,0,1,1
29900002,8,1610612751,1610612754,271,446,950,994,1496,64,349,904,1506,1733,168,0,0,0.0,0.523,830,998,2,PT10M10.00S,2,PT07M22.00S,0,0,0,0,-4.036,-7.384,-4.036,-6.861,1999-11-02,0,0,1,1
29900002,9,1610612751,1610612754,383,446,950,994,1496,64,349,904,1506,1733,67,0,0,-0.0,1.159,998,1065,2,PT07M22.00S,2,PT06M15.00S,0,0,0,0,-4.036,-6.861,-4.036,-5.701,1999-11-02,0,0,1,1
29900002,10,1610612751,1610612754,383,428,446,994,1496,64,349,904,905,1733,51,0,0,0.0,0.0,1065,1116,2,PT06M15.00S,2,PT05M24.00S,0,0,0,0,-4.036,-5.701,-4.036,-5.701,1999-11-02,0,0,1,1
29900002,11,1610612751,1610612754,49,383,428,446,1496,64,349,397,905,1733,39,-40,-57,-40.0,-57.0,1116,1155,2,PT05M24.00S,2,PT04M45.00S,40,57,0,0,35.964,51.299,-4.036,-5.701,1999-11-02,0,0,1,1
29900002,12,1610612751,1610612754,49,383,428,950,1496,64,349,397,905,1733,44,0,0,0.0,-1.53,1155,1199,2,PT04M45.00S,2,PT04M01.00S,0,0,0,0,-4.036,-5.701,-4.036,-7.231,1999-11-02,0,0,1,1
29900002,13,1610612751,1610612754,49,383,428,950,1496,64,147,397,905,1733,68,0,0,1.007,1.177,1199,1267,2,PT04M01.00S,2,PT02M53.00S,0,0,0,0,-4.036,-7.231,-3.029,-6.054,1999-11-02,0,0,1,1
29900002,14,1610612751,1610612754,49,383,428,950,1496,64,147,397,904,905,154,54,67,54.0,68.105,1267,1421,2,PT02M53.00S,2,PT00M19.40S,0,0,54,67,-3.029,-6.054,50.971,62.052,1999-11-02,0,0,1,1
29900002,15,1610612751,1610612754,383,428,950,994,1496,64,349,397,904,905,89,-54,-67,-54.0,-67.0,1421,1510,2,PT00M19.40S,3,PT10M50.00S,54,67,0,0,50.971,62.052,-3.029,-4.948,1999-11-02,0,0,1,1
29900002,16,1610612751,1610612754,383,428,950,994,1496,64,349,397,904,905,186,0,0,0.0,-1.57,1510,1696,3,PT10M50.00S,3,PT07M44.00S,0,0,0,0,-3.029,-4.948,-3.029,-6.518,1999-11-02,0,0,1,1
29900002,17,1610612751,1610612754,49,383,428,950,994,64,349,397,904,905,51,0,0,1.007,0.0,1696,1747,3,PT07M44.00S,3,PT06M53.00S,0,0,0,0,-3.029,-6.518,-2.021,-6.518,1999-11-02,0,0,1,1
29900002,18,1610612751,1610612754,49,383,446,950,994,64,349,397,904,1506,187,0,0,0.97,0.0,1747,1934,3,PT06M53.00S,3,PT03M46.00S,0,0,0,0,-2.021,-6.518,-1.051,-6.518,1999-11-02,0,0,1,1
29900002,19,1610612751,1610612754,197,446,950,994,1496,64,696,904,1506,1733,36,0,0,0.0,0.0,2091,2127,3,PT01M09.00S,3,PT00M33.00S,0,0,0,0,-0.012,-6.518,-0.012,-6.518,1999-11-02,0,0,1,1
29900002,20,1610612751,1610612754,197,271,446,950,994,64,696,904,1506,1733,127,0,0,-1.7,0.0,2127,2254,3,PT00M33.00S,4,PT10M26.00S,0,0,0,0,-0.012,-6.518,-1.712,-6.518,1999-11-02,0,0,1,1
29900002,21,1610612751,1610612754,197,271,446,950,994,64,147,397,696,905,105,0,0,1.039,-1.689,2254,2359,4,PT10M26.00S,4,PT08M41.00S,0,0,0,0,-1.712,-6.518,-0.673,-8.208,1999-11-02,0,0,1,1
29900002,22,1610612751,1610612754,271,383,950,994,1496,64,147,397,696,905,90,0,0,-1.74,0.0,2359,2449,4,PT08M41.00S,4,PT07M11.00S,0,0,0,0,-0.673,-8.208,-2.412,-8.208,1999-11-02,0,0,1,1
29900002,23,1610612751,1610612754,271,383,950,994,1496,64,147,349,397,905,87,0,0,0.0,0.0,2449,2536,4,PT07M11.00S,4,PT05M44.00S,0,0,0,0,-2.412,-8.208,-2.412,-8.208,1999-11-02,0,0,1,1
29900002,24,1610612751,1610612754,383,428,950,994,1496,64,349,397,905,1733,76,0,0,-1.7,1.193,2536,2612,4,PT05M44.00S,4,PT04M28.00S,0,0,0,0,-2.412,-8.208,-4.112,-7.015,1999-11-02,0,0,1,1
29900002,25,1610612751,1610612754,49,383,428,950,1496,64,349,397,905,1733,54,0,0,0.0,0.0,2612,2666,4,PT04M28.00S,4,PT03M34.00S,0,0,0,0,-4.112,-7.015,-4.112,-7.015,1999-11-02,0,0,1,1
29900002,26,1610612751,1610612754,49,197,383,428,950,64,349,397,905,1733,49,0,0,0.0,0.0,2666,2715,4,PT03M34.00S,4,PT02M45.00S,0,0,0,0,-4.112,-7.015,-4.112,-7.015,1999-11-02,0,0,1,1
29900002,27,1610612751,1610612754,197,383,428,950,994,64,349,397,905,1733,3,0,0,0.0,0.0,2715,2718,4,PT02M45.00S,4,PT02M42.00S,0,0,0,0,-4.112,-7.015,-4.112,-7.015,1999-11-02,0,0,1,1
29900002,28,1610612751,1610612754,271,383,428,950,994,64,349,397,905,1733,144,0,0,0.0,-1.601,2718,2862,4,PT02M42.00S,4,PT00M18.30S,0,0,0,0,-4.112,-7.015,-4.112,-8.616,1999-11-02,0,0,1,1
29900002,29,1610612751,1610612754,29,271,383,428,950,349,397,696,905,1733,14,0,0,1.007,0.0,2862,2876,4,PT00M18.30S,4,PT00M03.90S,0,0,0,0,-4.112,-8.616,-3.105,-8.616,1999-11-02,0,0,1,1
29900002,30,1610612751,1610612754,29,271,428,446,950,349,397,696,905,1733,4,112,119,112.0,119.0,2876,2880,4,PT00M03.90S,4,PT00M00.00S,0,0,112,119,-3.105,-8.616,108.895,110.384,1999-11-02,0,0,1,1
29900003,0,1610612764,1610612737,63,393,436,782,1134,87,673,754,902,1728,351,0,0,1.084,0.0,0,351,1,PT12M00.00S,1,PT06M09.00S,0,0,0,0,0.0,0.0,1.084,0.0,1999-11-02,0,0,1,1
29900003,1,1610612764,1610612737,63,393,436,1134,1888,87,673,754,1728,1891,93,0,0,0.0,1.073,351,444,1,PT06M09.00S,1,PT04M36.00S,0,0,0,0,1.084,0.0,1.084,1.073,1999-11-02,0,0,1,1
29900003,2,1610612764,1610612737,63,393,436,1751,1888,87,673,754,1728,1891,60,0,0,0.0,0.0,444,504,1,PT04M36.00S,1,PT03M36.00S,0,0,0,0,1.084,1.073,1.084,1.073,1999-11-02,0,0,1,1
29900003,3,1610612764,1610612737,393,436,1425,1751,1888,87,673,754,1728,1891,10,14,13,14.0,13.0,504,514,1,PT03M36.00S,1,PT03M26.00S,0,0,14,13,1.084,1.073,15.084,14.073,1999-11-02,0,0,1,1
29900003,4,1610612764,1610612737,145,393,1425,1751,1888,87,673,1533,1728,1891,80,-14,-13,-14.0,-14.568,514,594,1,PT03M26.00S,1,PT02M06.00S,14,13,0,0,15.084,14.073,1.084,-0.495,1999-11-02,0,0,1,1
29900003,5,1610612764,1610612737,43,145,1425,1751,1888,87,673,1533,1728,1891,81,20,20,20.0,20.0,594,675,1,PT02M06.00S,1,PT00M45.00S,0,0,20,20,1.084,-0.495,21.084,19.505,1999-11-02,0,0,1,1
29900003,6,1610612764,1610612737,43,145,1134,1425,1888,87,673,1533,1728,1891,58,-20,-20,-20.0,-21.925,675,733,1,PT00M45.00S,2,PT11M47.00S,20,20,0,0,21.084,19.505,1.084,-2.419,1999-11-02,0,0,1,1
29900003,7,1610612764,1610612737,43,145,1134,1425,1888,87,673,902,1533,1728,49,0,0,1.072,0.0,733,782,2,PT11M47.00S,2,PT10M58.00S,0,0,0,0,1.084,-2.419,2.155,-2.419,1999-11-02,0,0,1,1
29900003,8,1610612764,1610612737,43,145,1134,1425,1888,87,902,1533,1544,1728,41,0,0,0.0,0.0,782,823,2,PT10M58.00S,2,PT10M17.00S,0,0,0,0,2.155,-2.419,2.155,-2.419,1999-11-02,0,0,1,1
29900003,9,1610612764,1610612737,43,145,1134,1425,1888,87,902,1533,1544,1898,54,0,0,-1.667,0.0,823,877,2,PT10M17.00S,2,PT09M23.00S,0,0,0,0,2.155,-2.419,0.488,-2.419,1999-11-02,0,0,1,1
29900003,10,1610612764,1610612737,43,145,1134,1425,1888,87,754,902,1544,1898,18,0,0,1.072,0.0,877,895,2,PT09M23.00S,2,PT09M05.00S,0,0,0,0,0.488,-2.419,1.56,-2.419,1999-11-02,0,0,1,1
29900003,11,1610612764,1610612737,43,145,782,1134,1425,87,754,902,1544,1898,51,0,0,0.0,0.0,895,946,2,PT09M05.00S,2,PT08M14.00S,0,0,0,0,1.56,-2.419,1.56,-2.419,1999-11-02,0,0,1,1
29900003,12,1610612764,1610612737,43,63,145,782,1562,87,754,902,1544,1898,86,0,0,2.123,0.0,946,1032,2,PT08M14.00S,2,PT06M48.00S,0,0,0,0,1.56,-2.419,3.683,-2.419,1999-11-02,0,0,1,1
29900003,13,1610612764,1610612737,63,393,436,782,1562,87,754,902,1544,1898,161,0,0,0.0,0.0,1032,1193,2,PT06M48.00S,2,PT04M07.00S,0,0,0,0,3.683,-2.419,3.683,-2.419,1999-11-02,0,0,1,1
29900003,14,1610612764,1610612737,63,393,436,1562,1888,87,673,754,902,1544,52,0,0,0.0,0.0,1193,1245,2,PT04M07.00S,2,PT03M15.00S,0,0,0,0,3.683,-2.419,3.683,-2.419,1999-11-02,0,0,1,1
29900003,15,1610612764,1610612737,63,393,436,1562,1888,87,673,754,902,1728,10,39,39,39.0,39.0,1245,1255,2,PT03M15.00S,2,PT03M05.00S,0,0,39,39,3.683,-2.419,42.683,36.581,1999-11-02,0,0,1,1
29900003,16,1610612764,1610612737,63,393,436,1562,1919,87,673,754,902,1728,35,-39,-39,-39.0,-39.0,1255,1290,2,PT03M05.00S,2,PT02M30.00S,39,39,0,0,42.683,36.581,3.683,-2.419,1999-11-02,0,0,1,1
29900003,17,1610612764,1610612737,63,393,436,1562,1919,87,673,754,902,1728,86,0,0,0.0,0.0,1290,1376,2,PT02M30.00S,2,PT01M04.00S,0,0,0,0,3.683,-2.419,3.683,-2.419,1999-11-02,0,0,1,1
29900003,18,1610612764,1610612737,393,436,1562,1751,1919,87,673,754,902,1728,21,0,0,-1.267,0.0,1376,1397,2,PT01M04.00S,2,PT00M43.10S,0,0,0,0,3.683,-2.419,2.416,-2.419,1999-11-02,0,0,1,1
29900003,19,1610612764,1610612737,63,393,436,1562,1919,87,673,754,902,1728,433,67,55,67.0,55.0,1397,1830,2,PT00M43.10S,3,PT05M30.00S,0,0,67,55,2.416,-2.419,69.416,52.581,1999-11-02,0,0,1,1
29900003,20,1610612764,1610612737,43,63,436,1562,1919,87,673,754,902,1728,109,-67,-55,-67.0,-55.0,1830,1939,3,PT05M30.00S,3,PT03M41.00S,67,55,0,0,69.416,52.581,2.416,-2.419,1999-11-02,0,0,1,1
29900003,21,1610612764,1610612737,63,393,436,1751,1888,87,673,754,902,1728,39,-92,-81,-92.0,-81.0,2726,2765,4,PT02M34.00S,4,PT01M55.00S,92,81,0,0,92.282,79.81,0.282,-1.19,1999-11-02,0,0,1,1
29900003,22,1610612764,1610612737,63,393,436,1751,1919,87,673,754,902,1728,13,0,0,0.0,0.0,2765,2778,4,PT01M55.00S,4,PT01M42.00S,0,0,0,0,0.282,-1.19,0.282,-1.19,1999-11-02,0,0,1,1
29900003,23,1610612764,1610612737,63,393,436,1134,1919,87,673,754,902,1728,49,0,0,0.0,0.0,2778,2827,4,PT01M42.00S,4,PT00M52.80S,0,0,0,0,0.282,-1.19,0.282,-1.19,1999-11-02,0,0,1,1
29900003,24,1610612764,1610612737,43,63,393,436,1134,87,673,754,902,1728,37,0,0,1.04,0.0,2827,2864,4,PT00M52.80S,4,PT00M15.80S,0,0,0,0,0.282,-1.19,1.322,-1.19,1999-11-02,0,0,1,1
29900003,25,1610612764,1610612737,63,393,436,1425,1919,87,673,754,902,1728,11,0,0,0.0,1.886,2864,2875,4,PT00M15.80S,4,PT00M05.30S,0,0,0,0,1.322,-1.19,1.322,0.696,1999-11-02,0,0,1,1
29900003,26,1610612764,1610612737,43,145,393,436,1425,87,673,754,902,1728,5,94,87,94.0,87.0,2875,2880,4,PT00M05.30S,4,PT00M00.00S,0,0,94,87,1.322,0.696,95.322,87.696,1999-11-02,0,0,1,1
29900004,0,1610612748,1610612765,105,136,297,469,896,255,283,363,690,711,255,0,0,1.002,0.0,0,255,1,PT12M00.00S,1,PT07M45.00S,0,0,0,0,0.0,0.0,1.002,0.0,1999-11-02,0,0,1,1
29900004,1,1610612748,1610612765,105,136,297,469,896,255,283,363,376,711,99,15,8,13.337,6.259,255,354,1,PT07M45.00S,1,PT06M06.00S,0,0,15,8,1.002,0.0,14.338,6.259,1999-11-02,0,0,1,1
29900004,2,1610612748,1610612765,105,221,297,469,896,255,283,376,711,966,86,-15,-8,-16.626,-6.991,354,440,1,PT06M06.00S,1,PT04M40.00S,15,8,0,0,14.338,6.259,-2.287,-0.733,1999-11-02,0,0,1,1
29900004,3,1610612748,1610612765,105,221,297,469,1853,376,688,711,966,992,17,0,0,0.0,0.0,440,457,1,PT04M40.00S,1,PT04M23.00S,0,0,0,0,-2.287,-0.733,-2.287,-0.733,1999-11-02,0,0,1,1
29900004,4,1610612748,1610612765,221,297,469,702,1853,376,688,711,966,992,51,0,0,0.0,0.0,457,508,1,PT04M23.00S,1,PT03M32.00S,0,0,0,0,-2.287,-0.733,-2.287,-0.733,1999-11-02,0,0,1,1
29900004,5,1610612748,1610612765,221,297,469,702,1853,371,688,711,966,992,63,0,0,0.0,0.0,508,571,1,PT03M32.00S,1,PT02M29.00S,0,0,0,0,-2.287,-0.733,-2.287,-0.733,1999-11-02,0,0,1,1
29900004,6,1610612748,1610612765,221,469,702,1110,1853,371,688,711,966,992,16,0,0,0.0,0.0,571,587,1,PT02M29.00S,1,PT02M13.00S,0,0,0,0,-2.287,-0.733,-2.287,-0.733,1999-11-02,0,0,1,1
29900004,7,1610612748,1610612765,221,469,702,1110,1853,255,363,688,966,992,32,0,0,0.0,0.0,587,619,1,PT02M13.00S,1,PT01M41.00S,0,0,0,0,-2.287,-0.733,-2.287,-0.733,1999-11-02,0,0,1,1
29900004,8,1610612748,1610612765,221,469,702,1110,1853,255,283,363,688,966,207,0,0,1.088,0.0,619,826,1,PT01M41.00S,2,PT10M14.00S,0,0,0,0,-2.287,-0.733,-1.199,-0.733,1999-11-02,0,0,1,1
29900004,9,1610612748,1610612765,221,469,702,1110,1853,146,255,363,711,966,36,0,0,0.0,0.0,826,862,2,PT10M14.00S,2,PT09M38.00S,0,0,0,0,-1.199,-0.733,-1.199,-0.733,1999-11-02,0,0,1,1
29900004,10,1610612748,1610612765,105,136,702,896,1110,146,255,363,711,966,90,0,0,1.088,0.0,862,952,2,PT09M38.00S,2,PT08M08.00S,0,0,0,0,-1.199,-0.733,-0.111,-0.733,1999-11-02,0,0,1,1
29900004,11,1610612748,1610612765,105,136,297,702,896,146,255,363,711,966,62,0,0,-1.618,0.0,952,1014,2,PT08M08.00S,2,PT07M06.00S,0,0,0,0,-0.111,-0.733,-1.729,-0.733,1999-11-02,0,0,1,1
29900004,12,1610612748,1610612765,105,136,297,702,896,146,255,690,711,966,63,0,0,-0.443,0.0,1014,1077,2,PT07M06.00S,2,PT06M03.00S,0,0,0,0,-1.729,-0.733,-2.172,-0.733,1999-11-02,0,0,1,1
29900004,13,1610612748,1610612765,105,136,297,702,896,146,255,376,711,966,53,0,0,2.176,0.0,1077,1130,2,PT06M03.00S,2,PT05M10.00S,0,0,0,0,-2.172,-0.733,0.004,-0.733,1999-11-02,0,0,1,1
29900004,14,1610612748,1610612765,105,221,297,702,896,255,283,376,711,966,15,0,0,0.0,0.0,1130,1145,2,PT05M10.00S,2,PT04M55.00S,0,0,0,0,0.004,-0.733,0.004,-0.733,1999-11-02,0,0,1,1
29900004,15,1610612748,1610612765,105,221,297,469,896,255,283,376,711,966,18,45,31,45.0,31.0,1145,1163,2,PT04M55.00S,2,PT04M37.00S,0,0,45,31,0.004,-0.733,45.004,30.267,1999-11-02,0,0,1,1
29900004,16,1610612748,1610612765,221,297,469,896,1934,255,283,376,711,966,211,-45,-31,-44.07,-31.77,1163,1374,2,PT04M37.00S,2,PT01M06.00S,45,31,0,0,45.004,30.267,0.934,-1.503,1999-11-02,0,0,1,1
29900004,17,1610612748,1610612765,221,469,896,1110,1934,255,283,363,371,711,40,0,0,1.01,-1.665,1374,1414,2,PT01M06.00S,2,PT00M26.20S,0,0,0,0,0.934,-1.503,1.943,-3.168,1999-11-02,0,0,1,1
29900004,18,1610612748,1610612765,221,469,896,1110,1934,255,283,371,711,966,208,0,0,1.089,-1.698,1414,1622,2,PT00M26.20S,3,PT08M58.00S,0,0,0,0,1.943,-3.168,3.033,-4.866,1999-11-02,0,0,1,1
29900005,0,1610612766,1610612753,133,184,193,224,922,353,448,1112,1505,1720,448,0,0,-0.559,0.973,0,448,1,PT12M00.00S,1,PT04M32.00S,0,0,0,0,0.0,0.0,-0.559,0.973,1999-11-02,0,0,1,1
29900005,1,1610612766,1610612753,133,184,193,224,922,353,423,448,680,1505,48,0,0,-0.57,0.0,448,496,1,PT04M32.00S,1,PT03M44.00S,0,0,0,0,-0.559,0.973,-1.129,0.973,1999-11-02,0,0,1,1
29900005,2,1610612766,1610612753,133,184,193,224,922,353,423,448,680,1894,120,0,0,1.074,0.0,496,616,1,PT03M44.00S,1,PT01M44.00S,0,0,0,0,-1.129,0.973,-0.055,0.973,1999-11-02,0,0,1,1
29900005,3,1610612766,1610612753,133,184,193,224,922,353,423,680,1723,1894,222,0,0,-1.719,0.0,616,838,1,PT01M44.00S,2,PT10M02.00S,0,0,0,0,-0.055,0.973,-1.774,0.973,1999-11-02,0,0,1,1
29900005,4,1610612766,1610612753,133,184,224,922,1802,353,448,1112,1505,1727,42,-35,-33,-35.0,-33.0,1230,1272,2,PT03M30.00S,2,PT02M48.00S,35,33,0,0,31.688,37.273,-3.312,4.273,1999-11-02,0,0,1,1
29900005,5,1610612766,1610612753,133,184,224,957,1802,353,423,448,1112,1505,60,0,0,-1.548,0.973,1272,1332,2,PT02M48.00S,2,PT01M48.00S,0,0,0,0,-3.312,4.273,-4.861,5.246,1999-11-02,0,0,1,1
29900005,6,1610612766,1610612753,133,184,224,957,1802,353,423,448,1505,1727,324,0,0,-4.811,0.0,1332,1656,2,PT01M48.00S,3,PT08M24.00S,0,0,0,0,-4.861,5.246,-9.671,5.246,1999-11-02,0,0,1,1
29900005,7,1610612766,1610612753,133,184,224,957,1802,353,423,448,1505,1727,104,0,0,2.242,0.973,1656,1760,3,PT08M24.00S,3,PT06M40.00S,0,0,0,0,-9.671,5.246,-7.429,6.219,1999-11-02,0,0,1,1
29900005,8,1610612766,1610612753,957,1802,1884,1944,1954,42,680,1088,1727,1894,24,0,0,0.0,0.0,2540,2564,4,PT05M40.00S,4,PT05M16.00S,0,0,0,0,-8.686,6.375,-8.686,6.375,1999-11-02,0,0,1,1
29900005,9,1610612766,1610612753,957,1802,1944,1954,1967,42,680,1088,1727,1894,98,0,0,0.902,0.0,2564,2662,4,PT05M16.00S,4,PT03M38.00S,0,0,0,0,-8.686,6.375,-7.784,6.375,1999-11-02,0,0,1,1
29900005,10,1610612766,1610612753,133,193,224,922,1884,42,680,1088,1727,1894,218,100,86,101.068,86.0,2662,2880,4,PT03M38.00S,4,PT00M00.00S,0,0,100,86,-7.784,6.375,93.284,92.375,1999-11-02,0,0,1,1
29900006,0,1610612761,1610612738,57,213,891,1541,1713,72,952,958,1559,1718,291,0,0,2.279,1.138,0,291,1,PT12M00.00S,1,PT07M09.00S,0,0,0,0,0.0,0.0,2.279,1.138,1999-11-02,0,0,1,1
29900006,1,1610612761,1610612738,57,213,891,1541,1713,72,952,1499,1559,1718,119,0,0,0.0,-1.479,291,410,1,PT07M09.00S,1,PT05M10.00S,0,0,0,0,2.279,1.138,2.279,-0.341,1999-11-02,0,0,1,1
29900006,2,1610612761,1610612738,57,177,213,891,1713,72,952,1499,1559,1718,16,0,0,0.0,0.0,410,426,1,PT05M10.00S,1,PT04M54.00S,0,0,0,0,2.279,-0.341,2.279,-0.341,1999-11-02,0,0,1,1
29900006,3,1610612761,1610612738,57,177,213,1519,1713,72,952,1499,1559,1718,7,0,0,0.0,0.0,426,433,1,PT04M54.00S,1,PT04M47.00S,0,0,0,0,2.279,-0.341,2.279,-0.341,1999-11-02,0,0,1,1
29900006,4,1610612761,1610612738,57,177,213,1519,1713,952,1499,1559,1718,1943,47,8,20,8.0,20.0,433,480,1,PT04M47.00S,1,PT04M00.00S,0,0,8,20,2.279,-0.341,10.279,19.659,1999-11-02,0,0,1,1
29900006,5,1610612761,1610612738,57,177,213,1519,1713,384,958,962,1718,1943,95,-8,-20,-8.0,-21.698,480,575,1,PT04M00.00S,1,PT02M25.00S,8,20,0,0,10.279,19.659,2.279,-2.04,1999-11-02,0,0,1,1
29900006,6,1610612761,1610612738,57,177,1503,1519,1713,384,958,962,1718,1943,107,0,0,-0.0,-1.749,575,682,1,PT02M25.00S,1,PT00M37.60S,0,0,0,0,2.279,-2.04,2.279,-3.788,1999-11-02,0,0,1,1
29900006,7,1610612761,1610612738,177,209,788,1503,1713,384,958,962,1559,1943,213,0,0,0.405,-0.729,682,895,1,PT00M37.60S,2,PT09M05.00S,0,0,0,0,2.279,-3.788,2.684,-4.517,1999-11-02,0,0,1,1
29900006,8,1610612761,1610612738,177,209,788,1503,1713,384,952,958,1718,1943,122,0,0,1.174,-1.569,895,1017,2,PT09M05.00S,2,PT07M03.00S,0,0,0,0,2.684,-4.517,3.858,-6.086,1999-11-02,0,0,1,1
29900006,9,1610612761,1610612738,177,209,788,1503,1713,72,384,952,958,1718,50,0,0,0.0,0.0,1017,1067,2,PT07M03.00S,2,PT06M13.00S,0,0,0,0,3.858,-6.086,3.858,-6.086,1999-11-02,0,0,1,1
29900006,10,1610612761,1610612738,57,177,209,788,1503,72,384,952,958,1718,72,0,0,-1.82,0.0,1067,1139,2,PT06M13.00S,2,PT05M01.00S,0,0,0,0,3.858,-6.086,2.038,-6.086,1999-11-02,0,0,1,1
29900006,11,1610612761,1610612738,57,177,209,788,1503,72,384,952,1499,1718,130,0,0,0.0,0.0,1139,1269,2,PT05M01.00S,2,PT02M51.00S,0,0,0,0,2.038,-6.086,2.038,-6.086,1999-11-02,0,0,1,1
29900006,12,1610612761,1610612738,57,209,213,788,1713,72,952,1499,1559,1718,26,0,0,0.0,0.0,1269,1295,2,PT02M51.00S,2,PT02M25.00S,0,0,0,0,2.038,-6.086,2.038,-6.086,1999-11-02,0,0,1,1
29900006,13,1610612761,1610612738,57,209,213,788,1713,384,962,1499,1559,1943,102,39,48,39.0,46.302,1295,1397,2,PT02M25.00S,2,PT00M42.70S,0,0,39,48,2.038,-6.086,41.038,40.215,1999-11-02,0,0,1,1
29900006,14,1610612761,1610612738,57,213,788,1541,1713,384,442,952,1559,1943,29,2,0,2.0,0.0,1397,1426,2,PT00M42.70S,2,PT00M13.50S,39,48,41,48,41.038,40.215,43.038,40.215,1999-11-02,0,0,1,1
29900006,15,1610612761,1610612738,57,177,213,1503,1541,442,952,1559,1718,1943,12,1,1,1.0,1.0,1426,1438,2,PT00M13.50S,2,PT00M01.50S,41,48,42,49,43.038,40.215,44.038,41.215,1999-11-02,0,0,1,1
29900006,16,1610612761,1610612738,57,177,213,1503,1541,384,442,952,1559,1943,156,-42,-49,-42.428,-49.0,1438,1594,2,PT00M01.50S,3,PT09M26.00S,42,49,0,0,44.038,41.215,1.61,-7.785,1999-11-02,0,0,1,1
29900006,17,1610612761,1610612738,57,177,213,1503,1541,384,442,952,1559,1943,92,0,0,0.0,-1.479,1605,1697,3,PT09M15.00S,3,PT07M43.00S,0,0,0,0,1.61,-7.785,1.61,-9.264,1999-11-02,0,0,1,1
29900007,0,1610612742,1610612744,123,399,714,1065,1717,168,1108,1502,1712,1907,311,17,13,17.0,11.23,0,311,1,PT12M00.00S,1,PT06M49.00S,0,0,17,13,0.0,0.0,17.0,11.23,1999-11-02,0,0,1,1
29900007,1,1610612742,1610612744,123,399,714,1065,1717,168,187,1108,1712,1907,77,2,2,3.015,2.0,311,388,1,PT06M49.00S,1,PT05M32.00S,17,13,19,15,17.0,11.23,20.015,13.23,1999-11-02,0,0,1,1
29900007,2,1610612742,1610612744,76,123,714,1065,1717,168,187,317,1108,1907,89,4,3,4.0,3.831,388,477,1,PT05M32.00S,1,PT04M03.00S,19,15,23,18,20.015,13.23,24.015,17.061,1999-11-02,0,0,1,1
29900007,3,1610612742,1610612744,76,123,714,1065,1717,168,187,317,679,1800,88,2,6,2.0,4.371,477,565,1,PT04M03.00S,1,PT02M35.00S,23,18,25,24,24.015,17.061,26.015,21.431,1999-11-02,0,0,1,1
29900007,4,1610612742,1610612744,76,123,714,1065,1717,317,679,923,1712,1800,17,0,0,0.0,0.0,565,582,1,PT02M35.00S,1,PT02M18.00S,25,24,25,24,26.015,21.431,26.015,21.431,1999-11-02,0,0,1,1
29900007,5,1610612742,1610612744,76,123,714,762,1065,317,679,923,1712,1800,66,3,2,3.978,2.0,582,648,1,PT02M18.00S,1,PT01M12.00S,25,24,28,26,26.015,21.431,29.993,23.431,1999-11-02,0,0,1,1
29900007,6,1610612742,1610612744,76,714,762,959,1065,317,679,923,1712,1800,211,10,7,12.266,5.23,648,859,1,PT01M12.00S,2,PT09M41.00S,28,26,38,33,29.993,23.431,42.259,28.661,1999-11-02,0,0,1,1
29900007,7,1610612742,1610612744,76,93,959,1065,1717,168,187,679,1712,1800,100,2,0,4.073,1.011,1051,1151,2,PT06M29.00S,2,PT04M49.00S,44,41,46,41,49.472,34.996,53.545,36.007,1999-11-02,0,0,1,1
29900007,8,1610612742,1610612744,76,93,762,959,1065,187,317,679,923,1800,52,2,2,3.26,2.0,1151,1203,2,PT04M49.00S,2,PT03M57.00S,46,42,48,44,53.545,37.007,56.805,39.007,1999-11-02,0,0,1,1
29900007,9,1610612742,1610612744,93,714,762,959,1065,168,317,923,1502,1800,66,0,0,0.0,0.0,1203,1269,2,PT03M57.00S,2,PT02M51.00S,48,45,48,45,56.805,40.007,56.805,40.007,1999-11-02,0,0,1,1
29900007,10,1610612742,1610612744,93,714,762,959,1065,168,317,923,1502,1800,193,7,6,6.631,7.145,1269,1462,2,PT02M51.00S,3,PT11M38.00S,48,45,55,51,56.805,40.007,63.436,47.152,1999-11-02,0,0,1,1
29900007,11,1610612742,1610612744,76,93,959,1065,1717,100,168,317,1108,1712,24,0,2,0.0,2.0,2261,2285,4,PT10M19.00S,4,PT09M55.00S,83,77,83,79,90.977,71.293,90.977,73.293,1999-11-02,0,0,1,1
29900007,12,1610612742,1610612744,93,714,762,959,1065,168,317,923,1712,1800,183,8,3,8.0,4.145,2454,2637,4,PT07M06.00S,4,PT04M03.00S,89,86,97,89,98.101,81.23,106.101,85.375,1999-11-02,0,0,1,1
29900007,13,1610612742,1610612744,76,93,714,959,1065,168,187,317,1712,1800,169,5,4,5.844,4.0,2637,2806,4,PT04M03.00S,4,PT01M14.00S,97,89,102,93,106.101,85.375,111.945,89.375,1999-11-02,0,0,1,1
29900007,14,1610612742,1610612744,76,93,714,959,1065,100,168,187,317,1800,8,0,0,0.0,0.965,2806,2814,4,PT01M14.00S,4,PT01M06.00S,102,93,102,93,111.945,89.375,111.945,90.34,1999-11-02,0,0,1,1
29900007,15,1610612742,1610612744,76,93,714,959,1065,100,168,317,1712,1800,37,5,2,5.0,2.937,2814,2851,4,PT01M06.00S,4,PT00M28.60S,102,93,107,95,111.945,90.34,116.945,93.277,1999-11-02,0,0,1,1
29900007,16,1610612742,1610612744,714,76,93,959,1065,100,168,317,1712,1800,29,1,1,1.0,1.999,2851,2880,4,PT00M28.60S,4,PT00M00.00S,107,95,108,96,116.945,93.277,117.945,95.276,1999-11-02,1,0,1,1
29900008,0,1610612745,1610612749,165,787,1000,1005,1883,208,299,462,951,1714,263,0,0,-1.178,0.0,0,263,1,PT12M00.00S,1,PT07M37.00S,0,0,0,0,0.0,0.0,-1.178,0.0,1999-11-02,0,0,1,1
29900008,1,1610612745,1610612749,165,787,1000,1005,1883,208,219,299,911,1714,71,0,0,0.0,0.0,263,334,1,PT07M37.00S,1,PT06M26.00S,0,0,0,0,-1.178,0.0,-1.178,0.0,1999-11-02,0,0,1,1
29900008,2,1610612745,1610612749,165,1000,1509,1749,1883,208,219,299,911,1714,172,0,0,-1.71,-1.817,334,506,1,PT06M26.00S,1,PT03M34.00S,0,0,0,0,-1.178,0.0,-2.888,-1.817,1999-11-02,0,0,1,1
29900008,3,1610612745,1610612749,165,435,1509,1749,1883,208,219,299,911,1501,86,19,22,17.37,22.0,506,592,1,PT03M34.00S,1,PT02M08.00S,0,0,19,22,-2.888,-1.817,14.481,20.183,1999-11-02,0,0,1,1
29900008,4,1610612745,1610612749,165,435,1509,1749,1883,107,208,219,911,1501,25,-19,-22,-19.0,-22.0,592,617,1,PT02M08.00S,1,PT01M43.00S,19,22,0,0,14.481,20.183,-4.519,-1.817,1999-11-02,0,0,1,1
29900008,5,1610612745,1610612749,165,435,1509,1749,1883,107,219,906,911,1501,43,0,0,-1.49,0.0,617,660,1,PT01M43.00S,1,PT00M59.50S,0,0,0,0,-4.519,-1.817,-6.009,-1.817,1999-11-02,0,0,1,1
29900008,6,1610612745,1610612749,763,1509,1724,1749,1883,107,219,330,906,1501,163,0,0,1.128,1.128,660,823,1,PT00M59.50S,2,PT10M17.00S,0,0,0,0,-6.009,-1.817,-4.881,-0.689,1999-11-02,0,0,1,1
29900008,7,1610612745,1610612749,787,1005,1509,1724,1749,107,330,906,951,1501,173,0,0,1.046,0.0,823,996,2,PT10M17.00S,2,PT07M24.00S,0,0,0,0,-4.881,-0.689,-3.835,-0.689,1999-11-02,0,0,1,1
29900008,8,1610612745,1610612749,787,1005,1509,1724,1749,107,208,330,462,951,69,0,0,0.0,0.0,996,1065,2,PT07M24.00S,2,PT06M15.00S,0,0,0,0,-3.835,-0.689,-3.835,-0.689,1999-11-02,0,0,1,1
29900008,9,1610612745,1610612749,787,1005,1509,1724,1749,208,299,330,462,951,21,0,0,0.0,0.0,1065,1086,2,PT06M15.00S,2,PT05M54.00S,0,0,0,0,-3.835,-0.689,-3.835,-0.689,1999-11-02,0,0,1,1
29900008,10,1610612745,1610612749,787,1005,1509,1724,1749,208,219,299,330,462,38,42,37,42.0,37.0,1086,1124,2,PT05M54.00S,2,PT05M16.00S,0,0,42,37,-3.835,-0.689,38.165,36.311,1999-11-02,0,0,1,1
29900008,11,1610612745,1610612749,165,787,1005,1749,1883,208,219,299,330,462,129,5,6,4.591,6.0,1124,1253,2,PT05M16.00S,2,PT03M07.00S,42,37,47,43,38.165,36.311,42.756,42.311,1999-11-02,0,0,1,1
29900008,12,1610612745,1610612749,165,787,1000,1749,1883,208,219,299,330,462,42,-47,-43,-46.076,-43.0,1253,1295,2,PT03M07.00S,2,PT02M25.00S,47,43,0,0,42.756,42.311,-3.32,-0.689,1999-11-02,0,0,1,1
29900008,13,1610612745,1610612749,165,787,1000,1724,1749,208,219,299,462,1501,32,0,0,0.0,0.0,1295,1327,2,PT02M25.00S,2,PT01M53.00S,0,0,0,0,-3.32,-0.689,-3.32,-0.689,1999-11-02,0,0,1,1
29900008,14,1610612745,1610612749,165,787,1000,1724,1749,208,299,462,1501,1714,70,0,0,0.0,0.0,1327,1397,2,PT01M53.00S,2,PT00M43.40S,0,0,0,0,-3.32,-0.689,-3.32,-0.689,1999-11-02,0,0,1,1
29900008,15,1610612745,1610612749,165,435,787,1724,1749,208,299,462,1501,1714,18,53,44,53.0,44.0,1397,1415,2,PT00M43.40S,2,PT00M24.80S,0,0,53,44,-3.32,-0.689,49.68,43.311,1999-11-02,0,0,1,1
29900008,16,1610612745,1610612749,165,435,787,1724,1749,107,208,299,462,1501,315,-53,-44,-51.919,-42.816,1415,1730,2,PT00M24.80S,3,PT07M10.00S,53,44,0,0,49.68,43.311,-2.239,0.495,1999-11-02,1,0,1,1
29900008,17,1610612745,1610612749,165,435,1509,1724,1749,107,208,299,911,1501,82,0,0,1.077,0.0,1976,2058,3,PT03M04.00S,3,PT01M42.00S,0,0,0,0,-0.238,-2.62,0.838,-2.62,1999-11-02,1,0,1,1
29900009,0,1610612759,1610612755,53,359,422,764,1495,182,238,248,727,947,350,0,0,-1.6,-1.59,0,350,1,PT12M00.00S,1,PT06M10.00S,0,0,0,0,0.0,0.0,-1.6,-1.59,1999-11-02,0,0,1,1
29900009,1,1610612759,1610612755,53,359,422,764,955,182,238,248,727,947,69,0,0,0.0,0.0,350,419,1,PT06M10.00S,1,PT05M01.00S,0,0,0,0,-1.6,-1.59,-1.6,-1.59,1999-11-02,0,0,1,1
29900009,2,1610612759,1610612755,53,359,422,764,955,238,727,947,1716,1928,88,0,0,0.0,0.0,419,507,1,PT05M01.00S,1,PT03M33.00S,0,0,0,0,-1.6,-1.59,-1.6,-1.59,1999-11-02,0,0,1,1
29900009,3,1610612759,1610612755,359,422,764,955,1114,238,727,947,1716,1928,16,0,0,0.0,0.0,507,523,1,PT03M33.00S,1,PT03M17.00S,0,0,0,0,-1.6,-1.59,-1.6,-1.59,1999-11-02,0,0,1,1
29900009,4,1610612759,1610612755,359,422,764,955,1114,238,243,947,1716,1928,36,0,0,0.0,0.0,523,559,1,PT03M17.00S,1,PT02M41.00S,0,0,0,0,-1.6,-1.59,-1.6,-1.59,1999-11-02,0,0,1,1
29900009,5,1610612759,1610612755,345,422,764,955,1114,238,243,947,1716,1928,72,0,0,0.0,0.0,559,631,1,PT02M41.00S,1,PT01M29.00S,0,0,0,0,-1.6,-1.59,-1.6,-1.59,1999-11-02,0,0,1,1
29900009,6,1610612759,1610612755,345,422,764,955,1114,243,248,947,1716,1737,22,-22,-16,-22.0,-16.0,631,653,1,PT01M29.00S,1,PT01M07.00S,22,16,0,0,20.4,14.41,-1.6,-1.59,1999-11-02,0,0,1,1
29900009,7,1610612759,1610612755,345,422,955,990,1114,243,248,727,1716,1737,116,0,0,0.0,0.0,653,769,1,PT01M07.00S,2,PT11M11.00S,0,0,0,0,-1.6,-1.59,-1.6,-1.59,1999-11-02,0,0,1,1
29900009,8,1610612759,1610612755,345,422,955,990,1114,182,243,248,727,1716,77,0,0,1.094,0.0,769,846,2,PT11M11.00S,2,PT09M54.00S,0,0,0,0,-1.6,-1.59,-0.506,-1.59,1999-11-02,0,0,1,1
29900009,9,1610612759,1610612755,345,422,955,990,1114,182,238,243,248,947,81,26,22,26.0,22.0,846,927,2,PT09M54.00S,2,PT08M33.00S,0,0,26,22,-0.506,-1.59,25.494,20.41,1999-11-02,0,0,1,1
29900009,10,1610612759,1610612755,345,422,990,1114,1495,182,238,243,248,947,115,3,2,4.08,0.329,927,1042,2,PT08M33.00S,2,PT06M38.00S,26,22,29,24,25.494,20.41,29.574,20.739,1999-11-02,0,0,1,1
29900009,11,1610612759,1610612755,53,422,764,1114,1495,238,248,727,947,1716,135,0,0,0.0,0.0,1102,1237,2,PT05M38.00S,2,PT03M23.00S,0,0,0,0,0.574,-3.261,0.574,-3.261,1999-11-02,0,0,1,1
29900009,12,1610612759,1610612755,53,359,422,764,1495,182,248,947,1716,1737,50,34,34,34.0,32.156,1237,1287,2,PT03M23.00S,2,PT02M33.00S,0,0,34,34,0.574,-3.261,34.574,28.895,1999-11-02,0,0,1,1
29900009,13,1610612759,1610612755,53,359,422,764,1495,243,248,947,1716,1737,26,-34,-34,-34.0,-34.0,1287,1313,2,PT02M33.00S,2,PT02M07.00S,34,34,0,0,34.574,28.895,0.574,-5.105,1999-11-02,0,0,1,1
29900009,14,1610612759,1610612755,53,359,422,955,1495,243,248,947,1716,1737,64,0,0,0.0,0.0,1313,1377,2,PT02M07.00S,2,PT01M03.00S,0,0,0,0,0.574,-5.105,0.574,-5.105,1999-11-02,0,0,1,1
29900009,15,1610612759,1610612755,53,345,359,955,1495,243,248,727,947,1737,280,0,0,0.0,1.118,1377,1657,2,PT01M03.00S,3,PT08M23.00S,0,0,0,0,0.574,-5.105,0.574,-3.987,1999-11-02,0,0,1,1
29900009,16,1610612759,1610612755,53,345,955,1114,1495,243,248,727,947,1737,53,0,0,-1.218,0.0,1657,1710,3,PT08M23.00S,3,PT07M30.00S,0,0,0,0,0.574,-3.987,-0.644,-3.987,1999-11-02,0,0,1,1
29900009,17,1610612759,1610612755,53,345,955,1114,1495,243,248,727,947,1737,189,0,0,-0.705,-0.741,1710,1899,3,PT07M30.00S,3,PT04M21.00S,0,0,0,0,-0.644,-3.987,-1.35,-4.728,1999-11-02,0,0,1,1
29900009,18,1610612759,1610612755,53,345,955,1114,1495,243,248,947,1716,1737,17,-49,-49,-49.0,-49.0,1954,1971,3,PT03M26.00S,3,PT03M09.00S,49,49,0,0,47.65,45.307,-1.35,-3.693,1999-11-02,0,0,1,1
29900009,19,1610612759,1610612755,70,345,955,1114,1495,243,248,947,1716,1737,51,0,0,0.0,0.0,1971,2022,3,PT03M09.00S,3,PT02M18.00S,0,0,0,0,-1.35,-3.693,-1.35,-3.693,1999-11-02,0,0,1,1
29900009,20,1610612759,1610612755,70,345,990,1114,1495,243,248,947,1716,1737,61,52,52,52.0,52.0,2022,2083,3,PT02M18.00S,3,PT01M17.00S,0,0,52,52,-1.35,-3.693,50.65,48.307,1999-11-02,0,0,1,1
29900009,21,1610612759,1610612755,70,345,990,1114,1495,182,243,947,1716,1737,58,4,2,2.387,2.0,2083,2141,3,PT01M17.00S,3,PT00M19.30S,52,52,56,54,50.65,48.307,53.037,50.307,1999-11-02,0,0,1,1
29900009,22,1610612759,1610612755,70,345,990,1114,1495,182,243,727,947,1716,143,-56,-54,-54.906,-54.0,2141,2284,3,PT00M19.30S,4,PT09M56.00S,56,54,0,0,53.037,50.307,-1.869,-3.693,1999-11-02,0,0,1,1
29900009,23,1610612759,1610612755,345,422,764,990,1114,182,243,727,947,1716,32,0,0,-0.0,0.0,2284,2316,4,PT09M56.00S,4,PT09M24.00S,0,0,0,0,-1.869,-3.693,-1.869,-3.693,1999-11-02,0,0,1,1
29900009,24,1610612759,1610612755,53,345,422,764,990,243,727,947,1716,1737,57,0,0,-1.613,0.0,2344,2401,4,PT08M56.00S,4,PT07M59.00S,0,0,0,0,-1.869,-3.693,-3.483,-3.693,1999-11-02,0,0,1,1
29900009,25,1610612759,1610612755,53,345,422,764,990,238,243,248,727,947,124,0,0,-1.613,0.0,2404,2528,4,PT07M56.00S,4,PT05M52.00S,0,0,0,0,-3.483,-3.693,-5.096,-3.693,1999-11-02,0,0,1,1
29900009,26,1610612759,1610612755,53,345,422,764,990,238,248,727,947,1716,56,0,0,0.0,0.0,2528,2584,4,PT05M52.00S,4,PT04M56.00S,0,0,0,0,-5.096,-3.693,-5.096,-3.693,1999-11-02,0,0,1,1
29900009,27,1610612759,1610612755,53,345,422,764,990,238,243,248,727,1716,1,0,0,0.0,0.0,2584,2585,4,PT04M56.00S,4,PT04M55.00S,0,0,0,0,-5.096,-3.693,-5.096,-3.693,1999-11-02,0,0,1,1
29900009,28,1610612759,1610612755,53,422,764,990,1114,238,243,248,727,1716,112,0,0,0.0,0.0,2585,2697,4,PT04M55.00S,4,PT03M03.00S,0,0,0,0,-5.096,-3.693,-5.096,-3.693,1999-11-02,0,0,1,1
29900009,29,1610612759,1610612755,359,955,990,1114,1498,182,243,1477,1716,1928,37,0,0,0.0,0.0,2697,2734,4,PT03M03.00S,4,PT02M26.00S,0,0,0,0,-5.096,-3.693,-5.096,-3.693,1999-11-02,0,0,1,1
29900009,30,1610612759,1610612755,359,955,990,1114,1498,243,1477,1716,1908,1928,57,0,0,0.0,0.0,2734,2791,4,PT02M26.00S,4,PT01M29.00S,0,0,0,0,-5.096,-3.693,-5.096,-3.693,1999-11-02,0,0,1,1
29900009,31,1610612759,1610612755,70,359,955,990,1498,243,1477,1716,1908,1928,89,89,76,87.521,76.0,2791,2880,4,PT01M29.00S,4,PT00M00.00S,0,0,89,76,-5.096,-3.693,82.426,72.307,1999-11-02,0,0,1,1
29900010,0,1610612743,1610612756,89,686,964,1711,1899,26,339,361,467,1890,203,0,0,0.0,-0.618,0,203,1,PT12M00.00S,1,PT08M37.00S,0,0,0,0,0.0,0.0,0.0,-0.618,1999-11-02,0,0,1,1
29900010,1,1610612743,1610612756,45,89,179,686,964,339,361,467,915,988,58,0,0,-1.668,0.0,473,531,1,PT04M07.00S,1,PT03M09.00S,0,0,0,0,0.0,-2.911,-1.668,-2.911,1999-11-02,0,0,1,1
29900010,2,1610612743,1610612756,45,89,179,686,964,361,467,915,932,988,93,0,0,-0.61,0.0,531,624,1,PT03M09.00S,1,PT01M36.00S,0,0,0,0,-1.668,-2.911,-2.278,-2.911,1999-11-02,0,0,1,1
29900010,3,1610612743,1610612756,45,89,179,686,964,26,361,467,915,988,223,0,0,-1.713,0.497,624,847,1,PT01M36.00S,2,PT09M53.00S,0,0,0,0,-2.278,-2.911,-3.99,-2.413,1999-11-02,0,0,1,1
29900010,4,1610612743,1610612756,45,89,686,964,1500,26,361,467,915,988,39,0,0,0.0,1.033,847,886,2,PT09M53.00S,2,PT09M14.00S,0,0,0,0,-3.99,-2.413,-3.99,-1.381,1999-11-02,0,0,1,1
29900011,0,1610612762,1610612747,178,228,252,304,731,166,406,779,920,965,156,0,0,0.0,0.0,0,156,1,PT12M00.00S,1,PT09M24.00S,0,0,0,0,0.0,0.0,0.0,0.0,1999-11-02,0,0,1,1
29900011,1,1610612762,1610612747,204,252,731,935,1521,166,216,779,920,927,252,-74,-76,-77.185,-80.34,2609,2861,4,PT04M31.00S,4,PT00M19.00S,74,76,0,0,72.741,70.605,-4.444,-9.735,1999-11-02,0,0,1,1
29900011,2,1610612762,1610612747,204,252,432,935,1521,166,216,779,920,927,9,84,88,85.034,88.0,2861,2870,4,PT00M19.00S,4,PT00M10.20S,0,0,84,88,-4.444,-9.735,80.589,78.265,1999-11-02,0,0,1,1
29900012,0,1610612746,1610612760,785,1507,1508,1709,1885,56,270,452,699,1739,428,0,0,0.987,2.84,0,428,1,PT12M00.00S,1,PT04M52.00S,0,0,0,0,0.0,0.0,0.987,2.84,1999-11-02,0,0,1,1
29900012,1,1610612746,1610612760,1507,1508,1607,1709,1838,56,270,452,699,1739,34,0,0,0.0,-0.0,428,462,1,PT04M52.00S,1,PT04M18.00S,0,0,0,0,0.987,2.84,0.987,2.84,1999-11-02,0,0,1,1
29900012,2,1610612746,1610612760,1507,1508,1607,1709,1838,56,137,270,452,1739,78,0,0,0.915,0.0,462,540,1,PT04M18.00S,1,PT03M00.00S,0,0,0,0,0.987,2.84,1.902,2.84,1999-11-02,0,0,1,1
29900012,3,1610612746,1610612760,1507,1607,1709,1730,1838,56,137,270,1739,1741,62,0,0,0.0,0.909,540,602,1,PT03M00.00S,1,PT01M58.00S,0,0,0,0,1.902,2.84,1.902,3.749,1999-11-02,0,0,1,1
29900012,4,1610612746,1610612760,1507,1607,1730,1838,1885,56,137,323,1739,1741,23,0,0,0.0,0.0,602,625,1,PT01M58.00S,1,PT01M35.00S,0,0,0,0,1.902,3.749,1.902,3.749,1999-11-02,0,0,1,1
29900012,5,1610612746,1610612760,1508,1607,1730,1838,1885,56,137,323,1739,1741,227,0,0,1.005,0.982,625,852,1,PT01M35.00S,2,PT09M48.00S,0,0,0,0,1.902,3.749,2.907,4.731,1999-11-02,0,0,1,1
29900012,6,1610612746,1610612760,1508,1607,1730,1838,1885,137,270,1739,1741,1742,51,0,0,0.0,0.0,852,903,2,PT09M48.00S,2,PT08M57.00S,0,0,0,0,2.907,4.731,2.907,4.731,1999-11-02,0,0,1,1
29900012,7,1610612746,1610612760,1507,1508,1709,1838,1885,137,270,1739,1741,1742,33,0,0,1.023,-1.798,903,936,2,PT08M57.00S,2,PT08M24.00S,0,0,0,0,2.907,4.731,3.93,2.932,1999-11-02,0,0,1,1
29900012,8,1610612746,1610612760,1507,1508,1607,1709,1885,137,270,1739,1741,1742,42,0,0,0.0,0.0,936,978,2,PT08M24.00S,2,PT07M42.00S,0,0,0,0,3.93,2.932,3.93,2.932,1999-11-02,0,0,1,1
29900012,9,1610612746,1610612760,1507,1508,1607,1709,1885,137,270,1739,1741,1742,29,0,0,0.0,0.0,978,1007,2,PT07M42.00S,2,PT07M13.00S,0,0,0,0,3.93,2.932,3.93,2.932,1999-11-02,0,0,1,1
29900012,10,1610612746,1610612760,15,1507,1508,1607,1885,137,270,1739,1741,1742,26,0,0,0.0,0.0,1007,1033,2,PT07M13.00S,2,PT06M47.00S,0,0,0,0,3.93,2.932,3.93,2.932,1999-11-02,0,0,1,1
29900012,11,1610612746,1610612760,15,1507,1508,1607,1885,137,270,452,1739,1742,43,32,41,32.0,41.0,1033,1076,2,PT06M47.00S,2,PT06M04.00S,0,0,32,41,3.93,2.932,35.93,43.932,1999-11-02,0,0,1,1
29900012,12,1610612746,1610612760,15,1507,1508,1838,1885,137,270,452,1739,1742,71,5,4,3.208,4.0,1076,1147,2,PT06M04.00S,2,PT04M53.00S,32,41,37,45,35.93,43.932,39.138,47.932,1999-11-02,0,0,1,1
29900012,13,1610612746,1610612760,1507,1508,1607,1838,1885,137,270,452,1739,1742,16,-37,-45,-37.0,-45.0,1147,1163,2,PT04M53.00S,2,PT04M37.00S,37,45,0,0,39.138,47.932,2.138,2.932,1999-11-02,0,0,1,1
29900012,14,1610612746,1610612760,1508,1607,1709,1838,1885,56,137,452,699,1739,79,0,0,0.0,0.0,1233,1312,2,PT03M27.00S,2,PT02M08.00S,0,0,0,0,3.161,1.134,3.161,1.134,1999-11-02,0,0,1,1
29900012,15,1610612746,1610612760,1507,1607,1709,1838,1885,56,137,452,699,1739,29,0,0,0.0,0.0,1312,1341,2,PT02M08.00S,2,PT01M39.00S,0,0,0,0,3.161,1.134,3.161,1.134,1999-11-02,0,0,1,1
29900012,16,1610612746,1610612760,15,1507,1607,1709,1885,56,137,452,699,1739,49,45,60,45.0,60.0,1341,1390,2,PT01M39.00S,2,PT00M50.00S,0,0,45,60,3.161,1.134,48.161,61.134,1999-11-02,0,0,1,1
29900012,17,1610612746,1610612760,15,1507,1607,1709,1885,56,137,452,699,1844,13,-45,-60,-45.0,-60.0,1390,1403,2,PT00M50.00S,2,PT00M36.90S,45,60,0,0,48.161,61.134,3.161,1.134,1999-11-02,0,0,1,1
29900012,18,1610612746,1610612760,15,1507,1607,1709,1885,56,137,270,699,1844,22,47,62,47.0,62.0,1403,1425,2,PT00M36.90S,2,PT00M14.70S,0,0,47,62,3.161,1.134,50.161,63.134,1999-11-02,0,0,1,1
29900012,19,1610612746,1610612760,15,1507,1607,1709,1885,56,270,699,1742,1844,193,-47,-62,-49.336,-62.0,1425,1618,2,PT00M14.70S,3,PT09M02.00S,47,62,0,0,50.161,63.134,0.824,1.134,1999-11-02,0,0,1,1
29900012,20,1610612746,1610612760,1507,1607,1709,1838,1885,56,270,699,1742,1844,127,0,0,0.0,-1.727,2480,2607,4,PT06M40.00S,4,PT04M33.00S,0,0,0,0,-3.275,-1.505,-3.275,-3.232,1999-11-02,0,0,1,1
29900012,21,1610612746,1610612760,15,1507,1607,1709,1885,56,270,699,1742,1844,273,92,104,93.227,106.714,2607,2880,4,PT04M33.00S,4,PT00M00.00S,0,0,92,104,-3.275,-3.232,89.952,103.482,1999-11-02,0,0,1,1
29900013,0,1610612763,1610612757,685,735,949,970,1710,120,717,739,757,937,194,0,0,0.0,1.048,0,194,1,PT12M00.00S,1,PT08M46.00S,0,0,0,0,0.0,0.0,0.0,1.048,1999-11-02,0,0,1,1
29900013,1,1610612763,1610612757,685,735,1086,1710,1732,120,739,757,937,979,169,-12,-13,-12.0,-11.959,373,542,1,PT05M47.00S,1,PT02M58.00S,12,13,0,0,10.406,15.09,-1.594,3.131,1999-11-02,0,0,1,1
29900013,2,1610612763,1610612757,85,685,735,1086,1732,96,120,757,937,979,118,0,0,0.973,-0.0,542,660,1,PT02M58.00S,1,PT01M00.00S,0,0,0,0,-1.594,3.131,-0.621,3.131,1999-11-02,0,0,1,1
29900013,3,1610612763,1610612757,85,685,1086,1732,1918,21,96,120,176,937,114,-19,-28,-19.0,-28.0,660,774,1,PT01M00.00S,2,PT11M06.00S,19,28,0,0,18.379,31.131,-0.621,3.131,1999-11-02,0,0,1,1
29900013,4,1610612763,1610612757,85,685,1086,1732,1918,21,96,176,937,1719,107,0,0,0.0,0.0,774,881,2,PT11M06.00S,2,PT09M19.00S,0,0,0,0,-0.621,3.131,-0.621,3.131,1999-11-02,0,0,1,1
29900013,5,1610612763,1610612757,735,970,1086,1710,1722,21,96,176,937,1719,235,0,0,1.132,0.0,881,1116,2,PT09M19.00S,2,PT05M24.00S,0,0,0,0,-0.621,3.131,0.511,3.131,1999-11-02,0,0,1,1
29900013,6,1610612763,1610612757,735,970,1086,1710,1722,21,96,717,937,1719,63,0,0,0.0,-1.635,1116,1179,2,PT05M24.00S,2,PT04M21.00S,0,0,0,0,0.511,3.131,0.511,1.497,1999-11-02,0,0,1,1
29900013,7,1610612763,1610612757,685,735,1086,1710,1732,96,120,176,757,937,169,-52,-69,-52.0,-70.576,1908,2077,3,PT04M12.00S,3,PT01M23.00S,52,69,0,0,51.78,71.927,-0.22,1.351,1999-11-02,0,0,1,1
29900013,8,1610612763,1610612757,85,685,735,1086,1732,96,120,176,757,937,20,60,79,60.0,79.0,2077,2097,3,PT01M23.00S,3,PT01M03.00S,0,0,60,79,-0.22,1.351,59.78,80.351,1999-11-02,0,0,1,1
29900013,9,1610612763,1610612757,85,685,735,1086,1732,96,120,757,937,979,193,-60,-79,-58.848,-77.989,2097,2290,3,PT01M03.00S,4,PT09M50.00S,60,79,0,0,59.78,80.351,0.932,2.362,1999-11-02,0,0,1,1
29900013,10,1610612763,1610612757,85,685,735,1086,1732,96,757,937,979,1719,21,65,84,65.0,84.0,2290,2311,4,PT09M50.00S,4,PT09M29.00S,0,0,65,84,0.932,2.362,65.932,86.362,1999-11-02,0,0,1,1
29900013,11,1610612763,1610612757,85,685,735,970,1732,96,757,937,979,1719,142,6,6,6.0,6.0,2311,2453,4,PT09M29.00S,4,PT07M07.00S,65,84,71,90,65.932,86.362,71.932,92.362,1999-11-02,0,0,1,1
29900013,12,1610612763,1610612757,85,735,970,1710,1722,96,757,937,979,1719,1,0,0,0.0,0.0,2453,2454,4,PT07M07.00S,4,PT07M06.00S,71,90,71,90,71.932,92.362,71.932,92.362,1999-11-02,0,0,1,1
29900013,13,1610612763,1610612757,685,1722,1732,1918,1960,96,176,278,757,1719,70,80,99,80.0,99.994,2709,2779,4,PT02M51.00S,4,PT01M41.00S,0,0,80,99,2.045,1.567,82.045,101.561,1999-11-02,0,0,1,1
29900013,14,1610612763,1610612757,685,1722,1732,1918,1960,170,176,278,757,1719,101,6,7,4.36,7.0,2779,2880,4,PT01M41.00S,4,PT00M00.00S,80,99,86,106,82.045,101.561,86.405,108.561,1999-11-02,0,0,1,1
29900014,0,1610612738,1610612764,72,952,958,1559,1718,63,393,436,782,1134,276,8,8,10.138,8.0,0,276,1,PT12M00.00S,1,PT07M24.00S,0,0,8,8,0.0,0.0,10.138,8.0,1999-11-03,0,0,1,1
29900014,1,1610612738,1610612764,72,952,1499,1559,1718,63,393,436,782,1134,102,-8,-8,-8.0,-8.0,276,378,1,PT07M24.00S,1,PT05M42.00S,8,8,0,0,10.138,8.0,2.138,0.0,1999-11-03,0,0,1,1
29900014,2,1610612738,1610612764,72,958,1499,1559,1718,393,436,782,1134,1425,71,0,0,0.0,0.0,378,449,1,PT05M42.00S,1,PT04M31.00S,0,0,0,0,2.138,0.0,2.138,0.0,1999-11-03,0,0,1,1
29900014,3,1610612738,1610612764,72,384,952,958,1559,393,436,782,1425,1751,165,0,0,0.0,1.083,449,614,1,PT04M31.00S,1,PT01M46.00S,0,0,0,0,2.138,0.0,2.138,1.083,1999-11-03,0,0,1,1
29900014,4,1610612738,1610612764,384,962,1499,1559,1943,145,393,1425,1751,1888,88,0,0,0.0,0.0,614,702,1,PT01M46.00S,1,PT00M17.60S,0,0,0,0,2.138,1.083,2.138,1.083,1999-11-03,0,0,1,1
29900014,5,1610612738,1610612764,384,677,962,1499,1943,43,145,1425,1751,1888,70,29,21,30.014,21.0,702,772,1,PT00M17.60S,2,PT11M08.00S,0,0,29,21,2.138,1.083,32.152,22.083,1999-11-03,0,0,1,1
29900014,6,1610612738,1610612764,384,677,962,1499,1943,43,145,1134,1425,1888,54,-29,-21,-29.0,-21.0,772,826,2,PT11M08.00S,2,PT10M14.00S,29,21,0,0,32.152,22.083,3.152,1.083,1999-11-03,0,0,1,1
29900014,7,1610612738,1610612764,384,677,962,1499,1943,43,63,145,1134,1888,93,0,0,0.0,-1.762,826,919,2,PT10M14.00S,2,PT08M41.00S,0,0,0,0,3.152,1.083,3.152,-0.679,1999-11-03,0,0,1,1
29900014,8,1610612738,1610612764,384,677,958,962,1943,63,393,436,782,1134,35,0,0,0.0,0.0,919,954,2,PT08M41.00S,2,PT08M06.00S,0,0,0,0,3.152,-0.679,3.152,-0.679,1999-11-03,0,0,1,1
29900014,9,1610612738,1610612764,384,677,958,962,1943,393,436,782,1134,1562,64,40,31,40.0,31.0,954,1018,2,PT08M06.00S,2,PT07M02.00S,0,0,40,31,3.152,-0.679,43.152,30.321,1999-11-03,0,0,1,1
29900014,10,1610612738,1610612764,72,677,952,1559,1718,393,436,782,1134,1562,7,0,0,0.0,0.0,1018,1025,2,PT07M02.00S,2,PT06M55.00S,40,31,40,31,43.152,30.321,43.152,30.321,1999-11-03,0,0,1,1
29900014,11,1610612738,1610612764,72,952,958,1559,1718,393,436,782,1134,1562,190,9,7,7.294,7.0,1025,1215,2,PT06M55.00S,2,PT03M45.00S,40,31,49,38,43.152,30.321,50.446,37.321,1999-11-03,0,0,1,1
29900014,12,1610612738,1610612764,72,952,958,962,1559,393,436,782,1134,1562,96,-49,-38,-49.0,-38.0,1215,1311,2,PT03M45.00S,2,PT02M09.00S,49,38,0,0,50.446,37.321,1.446,-0.679,1999-11-03,0,0,1,1
29900014,13,1610612738,1610612764,72,952,958,962,1559,393,436,782,1562,1751,50,51,43,52.08,43.0,1311,1361,2,PT02M09.00S,2,PT01M19.00S,0,0,51,43,1.446,-0.679,53.526,42.321,1999-11-03,0,0,1,1
29900014,14,1610612738,1610612764,384,958,962,1499,1943,436,782,1562,1751,1919,67,-51,-43,-51.0,-43.0,1361,1428,2,PT01M19.00S,2,PT00M11.50S,51,43,0,0,53.526,42.321,2.526,-0.679,1999-11-03,0,0,1,1
29900014,15,1610612738,1610612764,958,962,1499,1559,1943,436,782,1562,1751,1919,156,0,0,1.229,0.0,1428,1584,2,PT00M11.50S,3,PT09M36.00S,0,0,0,0,2.526,-0.679,3.755,-0.679,1999-11-03,0,0,1,1
29900014,16,1610612738,1610612764,958,962,1499,1559,1943,145,782,1562,1751,1919,79,66,49,64.294,51.324,1584,1663,3,PT09M36.00S,3,PT08M17.00S,0,0,66,49,3.755,-0.679,68.049,50.645,1999-11-03,0,0,1,1
29900014,17,1610612738,1610612764,952,958,1559,1718,1943,43,436,782,1134,1425,44,0,0,0.0,1.04,2732,2776,4,PT02M28.00S,4,PT01M44.00S,0,0,0,0,1.469,1.286,1.469,2.327,1999-11-03,0,0,1,1
29900014,18,1610612738,1610612764,952,958,1559,1718,1943,43,145,436,782,1134,104,112,101,112.0,98.854,2776,2880,4,PT01M44.00S,4,PT00M00.00S,0,0,112,101,1.469,2.327,113.469,101.18,1999-11-03,0,0,1,1
29900015,0,1610612753,1610612765,423,448,1112,1505,1720,255,283,363,690,711,166,0,0,0.0,0.0,0,166,1,PT12M00.00S,1,PT09M14.00S,0,0,0,0,0.0,0.0,0.0,0.0,1999-11-03,0,0,1,1
29900015,1,1610612753,1610612765,423,448,1088,1505,1727,255,283,371,688,966,28,0,0,0.0,-0.0,524,552,1,PT03M16.00S,1,PT02M48.00S,0,0,0,0,-1.687,0.492,-1.687,0.492,1999-11-03,0,0,1,1
29900015,2,1610612753,1610612765,42,423,448,1088,1727,255,283,371,688,966,140,0,0,0.0,1.064,552,692,1,PT02M48.00S,1,PT00M28.10S,0,0,0,0,-1.687,0.492,-1.687,1.555,1999-11-03,0,0,1,1
29900015,3,1610612753,1610612765,42,423,1088,1727,1894,255,371,688,966,992,114,0,0,0.0,2.034,692,806,1,PT00M28.10S,2,PT10M34.00S,0,0,0,0,-1.687,1.555,-1.687,3.589,1999-11-03,0,0,1,1
29900015,4,1610612753,1610612765,42,1088,1112,1727,1894,255,371,688,966,992,53,0,0,0.0,0.0,806,859,2,PT10M34.00S,2,PT09M41.00S,0,0,0,0,-1.687,3.589,-1.687,3.589,1999-11-03,0,0,1,1
29900015,5,1610612753,1610612765,42,1088,1112,1727,1894,255,363,688,966,992,140,0,0,-1.642,0.0,859,999,2,PT09M41.00S,2,PT07M21.00S,0,0,0,0,-1.687,3.589,-3.329,3.589,1999-11-03,0,0,1,1
29900015,6,1610612753,1610612765,42,353,1112,1727,1894,255,283,363,688,966,14,0,0,0.0,0.0,999,1013,2,PT07M21.00S,2,PT07M07.00S,0,0,0,0,-3.329,3.589,-3.329,3.589,1999-11-03,0,0,1,1
29900015,7,1610612753,1610612765,42,353,1112,1727,1894,255,283,363,711,966,39,0,0,0.0,0.0,1013,1052,2,PT07M07.00S,2,PT06M28.00S,0,0,0,0,-3.329,3.589,-3.329,3.589,1999-11-03,0,0,1,1
29900015,8,1610612753,1610612765,42,353,1112,1720,1894,255,283,363,711,966,6,0,0,0.0,0.0,1052,1058,2,PT06M28.00S,2,PT06M22.00S,0,0,0,0,-3.329,3.589,-3.329,3.589,1999-11-03,0,0,1,1
29900015,9,1610612753,1610612765,42,353,1112,1720,1894,255,283,363,690,711,61,0,0,1.065,0.0,1058,1119,2,PT06M22.00S,2,PT05M21.00S,0,0,0,0,-3.329,3.589,-2.264,3.589,1999-11-03,0,0,1,1
29900015,10,1610612753,1610612765,42,353,448,1720,1894,255,283,363,690,711,39,0,0,-0.0,0.0,1119,1158,2,PT05M21.00S,2,PT04M42.00S,0,0,0,0,-2.264,3.589,-2.264,3.589,1999-11-03,0,0,1,1
29900015,11,1610612753,1610612765,42,353,448,1720,1894,255,283,690,711,966,48,0,0,0.0,-1.698,1158,1206,2,PT04M42.00S,2,PT03M54.00S,0,0,0,0,-2.264,3.589,-2.264,1.891,1999-11-03,0,0,1,1
29900015,12,1610612753,1610612765,353,448,1505,1720,1894,255,283,690,711,966,21,0,0,0.0,0.0,1206,1227,2,PT03M54.00S,2,PT03M33.00S,0,0,0,0,-2.264,1.891,-2.264,1.891,1999-11-03,0,0,1,1
29900015,13,1610612753,1610612765,353,448,1505,1720,1894,255,283,363,711,966,37,0,0,0.0,0.0,1227,1264,2,PT03M33.00S,2,PT02M56.00S,0,0,0,0,-2.264,1.891,-2.264,1.891,1999-11-03,0,0,1,1
29900015,14,1610612753,1610612765,353,448,1505,1720,1894,255,283,371,711,966,62,0,0,0.0,1.064,1264,1326,2,PT02M56.00S,2,PT01M54.00S,0,0,0,0,-2.264,1.891,-2.264,2.955,1999-11-03,0,0,1,1
29900015,15,1610612753,1610612765,353,448,1505,1720,1894,146,283,371,711,966,84,0,0,0.0,-0.0,1326,1410,2,PT01M54.00S,2,PT00M29.90S,0,0,0,0,-2.264,2.955,-2.264,2.955,1999-11-03,0,0,1,1
29900015,16,1610612753,1610612765,353,448,1505,1720,1894,146,371,711,966,992,232,0,0,0.877,0.237,1410,1642,2,PT00M29.90S,3,PT08M38.00S,0,0,0,0,-2.264,2.955,-1.387,3.191,1999-11-03,0,0,1,1
29900015,17,1610612753,1610612765,353,448,1505,1720,1894,146,371,711,966,992,113,0,0,0.0,-1.581,1642,1755,3,PT08M38.00S,3,PT06M45.00S,0,0,0,0,-1.387,3.191,-1.387,1.61,1999-11-03,0,0,1,1
29900015,18,1610612753,1610612765,42,353,448,1505,1727,146,255,283,363,371,125,0,0,0.0,-1.581,2689,2814,4,PT03M11.00S,4,PT01M06.00S,0,0,0,0,-2.634,5.583,-2.634,4.002,1999-11-03,0,0,1,1
29900015,19,1610612753,1610612765,42,353,448,1505,1727,255,283,363,371,966,32,0,0,0.0,0.0,2814,2846,4,PT01M06.00S,4,PT00M33.60S,0,0,0,0,-2.634,4.002,-2.634,4.002,1999-11-03,0,0,1,1
29900015,20,1610612753,1610612765,42,353,448,1505,1727,146,255,283,363,371,4,0,0,0.0,0.0,2846,2850,4,PT00M33.60S,4,PT00M30.50S,0,0,0,0,-2.634,4.002,-2.634,4.002,1999-11-03,0,0,1,1
29900015,21,1610612753,1610612765,42,353,448,1505,1727,146,255,283,371,966,1,0,0,0.0,0.0,2850,2851,4,PT00M30.50S,4,PT00M29.20S,0,0,0,0,-2.634,4.002,-2.634,4.002,1999-11-03,0,0,1,1
29900015,22,1610612753,1610612765,42,353,448,1088,1505,146,255,363,371,966,17,0,0,0.0,-0.613,2851,2868,4,PT00M29.20S,4,PT00M11.80S,0,0,0,0,-2.634,4.002,-2.634,3.388,1999-11-03,0,0,1,1
29900015,23,1610612753,1610612765,42,353,448,1088,1505,146,255,283,371,966,2,0,0,0.0,0.0,2868,2870,4,PT00M11.80S,4,PT00M10.00S,0,0,0,0,-2.634,3.388,-2.634,3.388,1999-11-03,0,0,1,1
29900015,24,1610612753,1610612765,42,353,448,1088,1505,146,255,363,371,688,10,103,94,103.0,94.0,2870,2880,4,PT00M10.00S,4,PT00M00.00S,0,0,103,94,-2.634,3.388,100.366,97.388,1999-11-03,0,0,1,1
29900016,0,1610612739,1610612751,431,682,692,1510,1538,197,383,950,994,1496,287,0,0,0.0,-3.33,0,287,1,PT12M00.00S,1,PT07M13.00S,0,0,0,0,0.0,0.0,0.0,-3.33,1999-11-03,0,0,1,1
29900016,1,1610612739,1610612751,95,431,445,682,1510,197,383,950,994,1496,110,0,0,0.0,0.0,287,397,1,PT07M13.00S,1,PT05M23.00S,0,0,0,0,0.0,-3.33,0.0,-3.33,1999-11-03,0,0,1,1
29900016,2,1610612739,1610612751,95,431,445,682,1510,49,197,383,950,994,112,0,0,1.189,1.124,397,509,1,PT05M23.00S,1,PT03M31.00S,0,0,0,0,0.0,-3.33,1.189,-2.205,1999-11-03,0,0,1,1
29900016,3,1610612739,1610612751,95,431,445,682,1510,49,271,383,950,994,85,0,0,0.0,-1.699,509,594,1,PT03M31.00S,1,PT02M06.00S,0,0,0,0,1.189,-2.205,1.189,-3.905,1999-11-03,0,0,1,1
29900016,4,1610612739,1610612751,95,431,445,1510,1892,49,271,383,428,994,16,0,0,0.0,0.0,594,610,1,PT02M06.00S,1,PT01M50.00S,0,0,0,0,1.189,-3.905,1.189,-3.905,1999-11-03,0,0,1,1
29900016,5,1610612739,1610612751,95,198,445,1510,1892,49,271,383,428,994,60,0,0,0.0,0.0,610,670,1,PT01M50.00S,1,PT00M50.00S,0,0,0,0,1.189,-3.905,1.189,-3.905,1999-11-03,0,0,1,1
29900016,6,1610612739,1610612751,95,198,445,1510,1892,49,271,383,428,446,13,24,27,24.0,27.0,670,683,1,PT00M50.00S,1,PT00M36.80S,0,0,24,27,1.189,-3.905,25.189,23.095,1999-11-03,0,0,1,1
29900016,7,1610612739,1610612751,95,198,445,1889,1892,49,271,383,428,446,144,-24,-27,-25.768,-26.102,683,827,1,PT00M36.80S,2,PT10M13.00S,24,27,0,0,25.189,23.095,-0.579,-3.007,1999-11-03,0,0,1,1
29900016,8,1610612739,1610612751,95,198,445,1889,1892,271,383,428,446,994,146,0,0,0.0,1.007,827,973,2,PT10M13.00S,2,PT07M47.00S,0,0,0,0,-0.579,-3.007,-0.579,-1.999,1999-11-03,0,0,1,1
29900016,9,1610612739,1610612751,95,198,445,1889,1892,197,383,428,446,994,15,0,0,0.0,0.0,973,988,2,PT07M47.00S,2,PT07M32.00S,0,0,0,0,-0.579,-1.999,-0.579,-1.999,1999-11-03,0,0,1,1
29900016,10,1610612739,1610612751,95,198,445,682,1889,197,383,428,446,994,56,0,0,0.0,0.0,988,1044,2,PT07M32.00S,2,PT06M36.00S,0,0,0,0,-0.579,-1.999,-0.579,-1.999,1999-11-03,0,0,1,1
29900016,11,1610612739,1610612751,95,431,445,682,1889,197,383,428,446,994,116,0,0,0.0,0.0,1044,1160,2,PT06M36.00S,2,PT04M40.00S,0,0,0,0,-0.579,-1.999,-0.579,-1.999,1999-11-03,0,0,1,1
29900016,12,1610612739,1610612751,95,431,682,1538,1889,197,383,428,446,994,22,0,0,0.0,0.0,1160,1182,2,PT04M40.00S,2,PT04M18.00S,0,0,0,0,-0.579,-1.999,-0.579,-1.999,1999-11-03,0,0,1,1
29900016,13,1610612739,1610612751,95,431,682,1510,1538,197,383,428,446,994,98,0,0,0.822,0.0,1182,1280,2,PT04M18.00S,2,PT02M40.00S,0,0,0,0,-0.579,-1.999,0.243,-1.999,1999-11-03,0,0,1,1
29900016,14,1610612739,1610612751,95,198,445,1889,1892,262,271,428,446,994,208,0,0,-1.651,-1.878,2061,2269,3,PT01M39.00S,4,PT10M11.00S,0,0,0,0,-2.04,-0.236,-3.691,-2.114,1999-11-03,0,0,1,1
29900016,15,1610612739,1610612751,95,445,692,1889,1892,262,271,428,446,994,141,0,0,-1.734,0.0,2269,2410,4,PT10M11.00S,4,PT07M50.00S,0,0,0,0,-3.691,-2.114,-5.424,-2.114,1999-11-03,0,0,1,1
29900016,16,1610612739,1610612751,95,445,692,1510,1892,262,271,446,950,994,56,0,0,0.0,0.0,2410,2466,4,PT07M50.00S,4,PT06M54.00S,0,0,0,0,-5.424,-2.114,-5.424,-2.114,1999-11-03,0,0,1,1
29900017,0,1610612741,1610612752,54,389,753,765,1882,164,275,369,913,948,194,0,0,0.0,1.037,0,194,1,PT12M00.00S,1,PT08M46.00S,0,0,0,0,0.0,0.0,0.0,1.037,1999-11-03,0,0,1,1
29900017,1,1610612741,1610612752,697,765,781,1882,1897,84,275,703,961,1594,116,0,0,1.127,1.166,716,832,1,PT00M04.10S,2,PT10M08.00S,0,0,0,0,-0.477,2.955,0.651,4.12,1999-11-03,0,0,1,1
29900017,2,1610612741,1610612752,697,753,781,1882,1897,84,275,703,961,1594,31,0,0,-0.0,-0.0,832,863,2,PT10M08.00S,2,PT09M37.00S,0,0,0,0,0.651,4.12,0.651,4.12,1999-11-03,0,0,1,1
29900017,3,1610612741,1610612752,389,697,753,781,1882,84,275,703,961,1594,46,0,0,0.0,0.0,863,909,2,PT09M37.00S,2,PT08M51.00S,0,0,0,0,0.651,4.12,0.651,4.12,1999-11-03,0,0,1,1
29900017,4,1610612741,1610612752,54,389,753,765,1600,84,703,913,948,1594,84,0,0,0.0,1.978,1181,1265,2,PT04M19.00S,2,PT02M55.00S,0,0,0,0,0.651,4.12,0.651,6.098,1999-11-03,0,0,1,1
29900017,5,1610612741,1610612752,54,389,753,765,1600,84,275,703,948,1594,28,0,0,0.0,0.0,1265,1293,2,PT02M55.00S,2,PT02M27.00S,0,0,0,0,0.651,6.098,0.651,6.098,1999-11-03,0,0,1,1
29900017,6,1610612741,1610612752,54,389,753,765,1600,84,275,703,913,1594,29,0,0,0.0,0.0,1293,1322,2,PT02M27.00S,2,PT01M58.00S,0,0,0,0,0.651,6.098,0.651,6.098,1999-11-03,0,0,1,1
29900017,7,1610612741,1610612752,389,697,753,765,1600,84,275,703,913,1594,9,0,0,0.0,0.0,1322,1331,2,PT01M58.00S,2,PT01M49.00S,0,0,0,0,0.651,6.098,0.651,6.098,1999-11-03,0,0,1,1
29900017,8,1610612741,1610612752,389,697,753,765,1600,84,201,275,913,1594,95,-27,-30,-27.0,-30.0,1331,1426,2,PT01M49.00S,2,PT00M13.80S,27,30,0,0,27.651,36.098,0.651,6.098,1999-11-03,0,0,1,1
29900017,9,1610612741,1610612752,54,389,697,753,765,84,201,275,913,1594,200,35,42,33.184,40.412,1426,1626,2,PT00M13.80S,3,PT08M54.00S,0,0,35,42,0.651,6.098,33.835,46.51,1999-11-03,0,0,1,1
29900017,10,1610612741,1610612752,54,389,697,753,765,84,201,275,703,1594,93,-35,-42,-35.0,-40.902,1626,1719,3,PT08M54.00S,3,PT07M21.00S,35,42,0,0,33.835,46.51,-1.165,5.609,1999-11-03,0,0,1,1
29900017,11,1610612741,1610612752,54,697,765,1897,1913,84,201,275,703,1594,56,0,0,1.19,0.0,1960,2016,3,PT03M20.00S,3,PT02M24.00S,0,0,0,0,-0.038,4.067,1.152,4.067,1999-11-03,0,0,1,1
29900017,12,1610612741,1610612752,389,697,765,1897,1913,84,201,275,703,1594,15,0,0,0.0,1.037,2016,2031,3,PT02M24.00S,3,PT02M09.00S,0,0,0,0,1.152,4.067,1.152,5.105,1999-11-03,0,0,1,1
29900017,13,1610612741,1610612752,389,697,765,1897,1913,84,201,275,703,1594,34,50,58,50.0,58.0,2031,2065,3,PT02M09.00S,3,PT01M35.00S,0,0,50,58,1.152,5.105,51.152,63.105,1999-11-03,0,0,1,1
29900017,14,1610612741,1610612752,389,697,765,781,1897,84,201,275,703,1594,35,-50,-58,-50.0,-58.0,2065,2100,3,PT01M35.00S,3,PT00M59.70S,50,58,0,0,51.152,63.105,1.152,5.105,1999-11-03,0,0,1,1
29900017,15,1610612741,1610612752,389,697,765,781,1897,84,164,201,703,1594,197,0,0,-0.451,0.958,2100,2297,3,PT00M59.70S,4,PT09M43.00S,0,0,0,0,1.152,5.105,0.701,6.062,1999-11-03,0,0,1,1
29900017,16,1610612741,1610612752,389,697,753,781,1882,84,201,275,703,1594,123,0,0,0.989,2.055,2297,2420,4,PT09M43.00S,4,PT07M40.00S,0,0,0,0,0.701,6.062,1.689,8.117,1999-11-03,0,0,1,1
29900017,17,1610612741,1610612752,389,697,753,781,1882,84,201,275,913,1594,45,0,0,0.0,-1.541,2420,2465,4,PT07M40.00S,4,PT06M55.00S,0,0,0,0,1.689,8.117,1.689,6.576,1999-11-03,0,0,1,1
29900017,18,1610612741,1610612752,54,389,753,765,1882,84,201,275,913,1594,34,0,0,0.0,0.0,2465,2499,4,PT06M55.00S,4,PT06M21.00S,0,0,0,0,1.689,6.576,1.689,6.576,1999-11-03,0,0,1,1
29900017,19,1610612741,1610612752,54,389,753,765,1882,84,275,913,948,1594,138,64,75,64.0,76.037,2499,2637,4,PT06M21.00S,4,PT04M03.00S,0,0,64,75,1.689,6.576,65.689,82.613,1999-11-03,0,0,1,1
29900017,20,1610612741,1610612752,54,389,753,765,1882,84,275,703,948,1594,34,2,2,2.0,2.0,2637,2671,4,PT04M03.00S,4,PT03M29.00S,64,75,66,77,65.689,82.613,67.689,84.613,1999-11-03,0,0,1,1
29900017,21,1610612741,1610612752,389,753,765,1882,1897,84,275,703,948,1594,35,-66,-77,-64.954,-77.0,2671,2706,4,PT03M29.00S,4,PT02M54.00S,66,77,0,0,67.689,84.613,2.735,7.613,1999-11-03,0,0,1,1
29900017,22,1610612741,1610612752,389,697,753,1882,1897,84,275,703,948,1594,99,69,81,70.067,79.459,2706,2805,4,PT02M54.00S,4,PT01M15.00S,0,0,69,81,2.735,7.613,72.802,87.072,1999-11-03,0,0,1,1
29900017,23,1610612741,1610612752,697,753,1882,1897,1913,84,275,703,948,1594,75,5,3,3.422,1.33,2805,2880,4,PT01M15.00S,4,PT00M00.00S,69,81,74,84,72.802,87.072,76.223,88.402,1999-11-03,0,0,1,1
29900018,0,1610612747,1610612763,166,406,779,920,965,735,949,970,1710,1722,492,0,0,1.089,2.442,0,492,1,PT12M00.00S,1,PT03M48.00S,0,0,0,0,0.0,0.0,1.089,2.442,1999-11-03,0,0,1,1
29900018,1,1610612747,1610612763,166,406,779,920,965,685,735,949,1710,1722,162,0,0,0.0,0.0,492,654,1,PT03M48.00S,1,PT01M06.00S,0,0,0,0,1.089,2.442,1.089,2.442,1999-11-03,0,0,1,1
29900018,2,1610612747,1610612763,216,296,406,779,965,685,949,1710,1722,1918,59,0,0,1.089,0.0,654,713,1,PT01M06.00S,1,PT00M06.60S,0,0,0,0,1.089,2.442,2.179,2.442,1999-11-03,0,0,1,1
29900018,3,1610612747,1610612763,216,296,965,1731,1904,28,949,1710,1722,1918,131,0,0,1.082,0.0,713,844,1,PT00M06.60S,2,PT09M56.00S,0,0,0,0,2.179,2.442,3.26,2.442,1999-11-03,0,0,1,1
29900018,4,1610612747,1610612763,216,296,965,1731,1904,28,735,949,1710,1722,135,0,0,-0.0,0.0,844,979,2,PT09M56.00S,2,PT07M41.00S,0,0,0,0,3.26,2.442,3.26,2.442,1999-11-03,0,0,1,1
29900018,5,1610612747,1610612763,406,779,920,965,1734,735,949,970,1710,1722,154,0,0,0.0,0.0,1275,1429,2,PT02M45.00S,2,PT00M10.70S,0,0,0,0,4.467,2.442,4.467,2.442,1999-11-03,0,0,1,1
29900018,6,1610612747,1610612763,779,920,965,969,1734,735,949,970,1710,1722,443,69,59,67.412,59.0,1429,1872,2,PT00M10.70S,3,PT04M48.00S,0,0,69,59,4.467,2.442,71.878,61.442,1999-11-03,0,0,1,1
29900018,7,1610612747,1610612763,406,920,965,1734,1904,949,970,1710,1722,1732,46,0,0,0.0,0.0,2640,2686,4,PT04M00.00S,4,PT03M14.00S,0,0,0,0,3.386,5.937,3.386,5.937,1999-11-03,0,0,1,1
29900018,8,1610612747,1610612763,920,965,969,1734,1904,949,970,1710,1722,1732,148,0,0,1.002,0.0,2686,2834,4,PT03M14.00S,4,PT00M46.50S,0,0,0,0,3.386,5.937,4.389,5.937,1999-11-03,0,0,1,1
29900018,9,1610612747,1610612763,920,965,969,1734,1904,85,949,970,1710,1722,46,103,88,103.0,87.581,2834,2880,4,PT00M46.50S,4,PT00M00.00S,0,0,103,88,4.389,5.937,107.389,93.518,1999-11-03,0,0,1,1
29900019,0,1610612757,1610612746,120,717,739,757,937,785,1507,1508,1709,1885,357,18,9,19.131,9.0,0,357,1,PT12M00.00S,1,PT06M03.00S,0,0,18,9,0.0,0.0,19.131,9.0,1999-11-03,0,0,1,1
29900019,1,1610612757,1610612746,96,120,717,757,937,785,1507,1508,1709,1885,172,-18,-9,-18.0,-8.012,357,529,1,PT06M03.00S,1,PT03M11.00S,18,9,0,0,19.131,9.0,1.131,0.988,1999-11-03,0,0,1,1
29900019,2,1610612757,1610612746,96,120,717,757,937,785,1508,1709,1838,1885,88,0,0,0.0,0.0,529,617,1,PT03M11.00S,1,PT01M43.00S,0,0,0,0,1.131,0.988,1.131,0.988,1999-11-03,0,0,1,1
29900019,3,1610612757,1610612746,96,120,717,757,937,1508,1607,1709,1838,1885,52,0,0,0.0,1.005,617,669,1,PT01M43.00S,1,PT00M50.70S,0,0,0,0,1.131,0.988,1.131,1.992,1999-11-03,0,0,1,1
29900019,4,1610612757,1610612746,96,717,757,937,1719,1508,1607,1709,1838,1885,186,0,0,1.041,0.0,669,855,1,PT00M50.70S,2,PT09M45.00S,0,0,0,0,1.131,1.992,2.172,1.992,1999-11-03,0,0,1,1
29900019,5,1610612757,1610612746,96,717,739,757,1719,1508,1607,1709,1838,1885,181,0,0,0.994,-1.719,855,1036,2,PT09M45.00S,2,PT06M44.00S,0,0,0,0,2.172,1.992,3.166,0.273,1999-11-03,0,0,1,1
29900019,6,1610612757,1610612746,96,717,739,757,1719,1507,1508,1607,1709,1838,42,0,0,0.0,0.0,1036,1078,2,PT06M44.00S,2,PT06M02.00S,0,0,0,0,3.166,0.273,3.166,0.273,1999-11-03,0,0,1,1
29900019,7,1610612757,1610612746,96,120,717,739,757,1507,1508,1607,1709,1838,18,0,0,0.0,0.0,1078,1096,2,PT06M02.00S,2,PT05M44.00S,0,0,0,0,3.166,0.273,3.166,0.273,1999-11-03,0,0,1,1
29900019,8,1610612757,1610612746,120,717,739,757,937,785,1507,1508,1709,1885,46,0,0,0.0,0.0,1302,1348,2,PT02M18.00S,2,PT01M32.00S,0,0,0,0,5.054,0.273,5.054,0.273,1999-11-03,0,0,1,1
29900019,9,1610612757,1610612746,120,717,739,757,937,1507,1508,1607,1709,1885,62,0,0,-1.771,0.0,1348,1410,2,PT01M32.00S,2,PT00M30.20S,0,0,0,0,5.054,0.273,3.283,0.273,1999-11-03,0,0,1,1
29900019,10,1610612757,1610612746,21,96,717,937,1719,1607,1709,1730,1838,1885,150,5,4,5.0,5.066,1410,1560,2,PT00M30.20S,3,PT10M00.00S,59,50,64,54,62.283,50.273,67.283,55.339,1999-11-03,0,0,1,1
29900019,11,1610612757,1610612746,176,278,739,757,979,138,1569,1607,1869,1885,60,-119,-98,-119.0,-97.082,2757,2817,4,PT02M03.00S,4,PT01M03.00S,119,98,0,0,109.62,99.028,-9.38,1.946,1999-11-03,0,0,1,1
29900019,12,1610612757,1610612746,176,278,757,979,1719,138,1569,1607,1869,1885,63,121,98,121.0,98.0,2817,2880,4,PT01M03.00S,4,PT00M00.00S,0,0,121,98,-9.38,1.946,111.62,99.946,1999-11-03,0,0,1,1
29900020,0,1610612766,1610612754,133,184,193,224,922,22,147,349,397,905,530,0,0,-0.485,-0.568,0,530,1,PT12M00.00S,1,PT03M10.00S,0,0,0,0,0.0,0.0,-0.485,-0.568,1999-11-04,0,0,1,1
29900020,1,1610612766,1610612754,133,184,193,224,922,64,147,349,397,905,76,0,0,0.0,0.0,530,606,1,PT03M10.00S,1,PT01M54.00S,0,0,0,0,-0.485,-0.568,-0.485,-0.568,1999-11-04,0,0,1,1
29900020,2,1610612766,1610612754,133,184,193,224,922,64,147,397,696,905,42,0,0,0.0,-0.0,606,648,1,PT01M54.00S,1,PT01M12.00S,0,0,0,0,-0.485,-0.568,-0.485,-0.568,1999-11-04,0,0,1,1
29900020,3,1610612766,1610612754,133,184,193,224,922,64,397,696,905,1733,20,0,0,0.0,0.0,648,668,1,PT01M12.00S,1,PT00M52.00S,0,0,0,0,-0.485,-0.568,-0.485,-0.568,1999-11-04,0,0,1,1
29900020,4,1610612766,1610612754,133,184,193,224,922,64,397,696,1506,1733,16,0,0,0.0,0.0,668,684,1,PT00M52.00S,1,PT00M35.50S,0,0,0,0,-0.485,-0.568,-0.485,-0.568,1999-11-04,0,0,1,1
29900020,5,1610612766,1610612754,133,193,224,922,934,64,397,696,1506,1733,110,0,0,-0.0,1.991,684,794,1,PT00M35.50S,2,PT10M46.00S,0,0,0,0,-0.485,-0.568,-0.485,1.424,1999-11-04,0,0,1,1
29900020,6,1610612766,1610612754,133,184,193,922,934,64,696,904,1506,1733,12,35,23,35.0,23.0,794,806,2,PT10M46.00S,2,PT10M34.00S,0,0,35,23,-0.485,1.424,34.515,24.424,1999-11-04,0,0,1,1
29900020,7,1610612766,1610612754,184,193,922,934,1884,64,696,904,1506,1733,51,-35,-23,-35.0,-21.982,806,857,2,PT10M34.00S,2,PT09M43.00S,35,23,0,0,34.515,24.424,-0.485,2.442,1999-11-04,0,0,1,1
29900020,8,1610612766,1610612754,184,193,934,957,1884,64,696,904,1506,1733,127,0,0,0.0,0.0,857,984,2,PT09M43.00S,2,PT07M36.00S,0,0,0,0,-0.485,2.442,-0.485,2.442,1999-11-04,0,0,1,1
29900020,9,1610612766,1610612754,184,934,957,1802,1884,64,147,696,904,1506,82,0,0,0.0,-1.548,984,1066,2,PT07M36.00S,2,PT06M14.00S,0,0,0,0,-0.485,2.442,-0.485,0.894,1999-11-04,0,0,1,1
29900020,10,1610612766,1610612754,184,934,957,1802,1884,22,147,696,904,1506,9,0,0,0.0,0.0,1066,1075,2,PT06M14.00S,2,PT06M05.00S,0,0,0,0,-0.485,0.894,-0.485,0.894,1999-11-04,0,0,1,1
29900020,11,1610612766,1610612754,184,224,957,1802,1884,22,147,696,904,1506,39,0,0,0.0,0.0,1075,1114,2,PT06M05.00S,2,PT05M26.00S,0,0,0,0,-0.485,0.894,-0.485,0.894,1999-11-04,0,0,1,1
29900020,12,1610612766,1610612754,184,224,957,1802,1884,22,147,349,904,1506,87,0,0,1.084,0.0,1114,1201,2,PT05M26.00S,2,PT03M59.00S,0,0,0,0,-0.485,0.894,0.599,0.894,1999-11-04,0,0,1,1
29900020,13,1610612766,1610612754,184,224,957,1802,1884,22,147,349,397,1506,2,0,0,0.0,0.0,1201,1203,2,PT03M59.00S,2,PT03M57.00S,0,0,0,0,0.599,0.894,0.599,0.894,1999-11-04,0,0,1,1
29900020,14,1610612766,1610612754,184,224,957,1802,1884,22,147,349,397,905,53,0,0,0.0,0.314,1203,1256,2,PT03M57.00S,2,PT03M04.00S,0,0,0,0,0.599,0.894,0.599,1.208,1999-11-04,0,0,1,1
29900020,15,1610612766,1610612754,184,224,957,1802,1884,22,147,349,397,1506,10,0,0,0.0,0.0,1256,1266,2,PT03M04.00S,2,PT02M54.00S,0,0,0,0,0.599,1.208,0.599,1.208,1999-11-04,0,0,1,1
29900020,16,1610612766,1610612754,133,184,193,224,922,22,147,349,397,1506,73,55,43,56.084,43.0,1266,1339,2,PT02M54.00S,2,PT01M41.00S,0,0,55,43,0.599,1.208,56.683,44.208,1999-11-04,0,0,1,1
29900020,17,1610612766,1610612754,133,184,193,224,922,22,349,397,904,1506,98,-55,-43,-55.0,-44.673,1339,1437,2,PT01M41.00S,2,PT00M03.00S,55,43,0,0,56.683,44.208,1.683,-0.465,1999-11-04,0,0,1,1
29900020,18,1610612766,1610612754,133,184,193,224,922,64,349,397,904,1506,544,0,0,-2.108,2.921,1437,1981,2,PT00M03.00S,3,PT02M59.00S,0,0,0,0,1.683,-0.465,-0.426,2.456,1999-11-04,0,0,1,1
29900020,19,1610612766,1610612754,133,184,193,224,922,64,349,397,904,1506,61,0,0,0.0,0.0,1981,2042,3,PT02M59.00S,3,PT01M58.00S,0,0,0,0,-0.426,2.456,-0.426,2.456,1999-11-04,0,0,1,1
29900020,20,1610612766,1610612754,133,184,193,224,934,64,349,397,904,1506,151,0,0,0.0,1.091,2042,2193,3,PT01M58.00S,4,PT11M27.00S,0,0,0,0,-0.426,2.456,-0.426,3.547,1999-11-04,0,0,1,1
29900020,21,1610612766,1610612754,184,224,922,934,1884,64,349,397,904,1506,91,0,0,-1.623,-1.703,2193,2284,4,PT11M27.00S,4,PT09M56.00S,0,0,0,0,-0.426,3.547,-2.049,1.844,1999-11-04,0,0,1,1
29900020,22,1610612766,1610612754,184,224,922,934,1884,64,349,397,904,1506,90,0,0,1.169,0.0,2284,2374,4,PT09M56.00S,4,PT08M26.00S,0,0,0,0,-2.049,1.844,-0.879,1.844,1999-11-04,0,0,1,1
29900020,23,1610612766,1610612754,193,224,922,934,1884,22,349,397,904,1506,85,0,0,0.0,0.0,2374,2459,4,PT08M26.00S,4,PT07M01.00S,0,0,0,0,-0.879,1.844,-0.879,1.844,1999-11-04,0,0,1,1
29900020,24,1610612766,1610612754,133,193,922,934,1884,22,349,397,904,1506,107,94,78,93.401,79.074,2459,2566,4,PT07M01.00S,4,PT05M14.00S,0,0,94,78,-0.879,1.844,92.522,80.919,1999-11-04,0,0,1,1
29900020,25,1610612766,1610612754,133,193,922,934,1884,349,397,440,904,1506,117,-94,-78,-94.788,-77.004,2566,2683,4,PT05M14.00S,4,PT03M17.00S,94,78,0,0,92.522,80.919,-2.267,3.914,1999-11-04,0,0,1,1
29900020,26,1610612766,1610612754,133,193,922,934,1884,349,397,440,904,1902,197,98,89,100.057,88.459,2683,2880,4,PT03M17.00S,4,PT00M00.00S,0,0,98,89,-2.267,3.914,97.79,92.373,1999-11-04,0,0,1,1
29900021,0,1610612737,1610612749,87,673,754,902,1728,208,299,462,951,1714,499,0,0,1.946,-0.151,0,499,1,PT12M00.00S,1,PT03M41.00S,0,0,0,0,0.0,0.0,1.946,-0.151,1999-11-04,0,0,1,1
29900021,1,1610612737,1610612749,87,673,754,902,1728,107,208,462,911,951,2,0,0,0.0,0.0,499,501,1,PT03M41.00S,1,PT03M39.00S,0,0,0,0,1.946,-0.151,1.946,-0.151,1999-11-04,0,0,1,1
29900021,2,1610612737,1610612749,87,375,673,902,1728,107,208,330,911,951,92,0,0,0.0,1.057,501,593,1,PT03M39.00S,1,PT02M07.00S,0,0,0,0,1.946,-0.151,1.946,0.906,1999-11-04,0,0,1,1
29900021,3,1610612737,1610612749,87,375,902,953,1728,107,208,330,911,1501,23,0,0,0.0,0.0,593,616,1,PT02M07.00S,1,PT01M44.00S,0,0,0,0,1.946,0.906,1.946,0.906,1999-11-04,0,0,1,1
29900021,4,1610612737,1610612749,87,375,902,953,1544,107,208,330,911,1501,43,0,0,0.0,0.0,616,659,1,PT01M44.00S,1,PT01M01.00S,0,0,0,0,1.946,0.906,1.946,0.906,1999-11-04,0,0,1,1
29900021,5,1610612737,1610612749,87,375,902,953,1544,107,330,906,911,1501,25,22,26,22.0,26.0,659,684,1,PT01M01.00S,1,PT00M36.40S,0,0,22,26,1.946,0.906,23.946,26.906,1999-11-04,0,0,1,1
29900021,6,1610612737,1610612749,87,375,953,1544,1891,107,219,330,906,1501,59,-23,-26,-23.0,-26.0,684,743,1,PT00M36.40S,2,PT11M37.00S,23,26,0,0,24.946,26.906,1.946,0.906,1999-11-04,0,0,1,1
29900021,7,1610612737,1610612749,375,673,953,1544,1891,107,219,330,906,1501,31,27,27,27.0,27.0,743,774,2,PT11M37.00S,2,PT11M06.00S,0,0,27,27,1.946,0.906,28.946,27.906,1999-11-04,0,0,1,1
29900021,8,1610612737,1610612749,375,673,754,953,1891,107,219,330,906,1501,147,-27,-27,-27.0,-27.0,774,921,2,PT11M06.00S,2,PT08M39.00S,27,27,0,0,28.946,27.906,1.946,0.906,1999-11-04,0,0,1,1
29900021,9,1610612737,1610612749,375,673,754,953,1891,107,219,299,330,1501,81,0,0,-0.428,0.0,921,1002,2,PT08M39.00S,2,PT07M18.00S,0,0,0,0,1.946,0.906,1.518,0.906,1999-11-04,0,0,1,1
29900021,10,1610612737,1610612749,87,375,673,754,1891,107,219,299,330,1501,66,0,0,0.0,0.0,1002,1068,2,PT07M18.00S,2,PT06M12.00S,0,0,0,0,1.518,0.906,1.518,0.906,1999-11-04,0,0,1,1
29900021,11,1610612737,1610612749,87,375,673,754,1891,107,219,299,462,1501,29,0,0,0.0,0.0,1068,1097,2,PT06M12.00S,2,PT05M43.00S,0,0,0,0,1.518,0.906,1.518,0.906,1999-11-04,0,0,1,1
29900021,12,1610612737,1610612749,87,375,673,754,1891,107,208,219,299,462,57,0,0,0.0,0.0,1097,1154,2,PT05M43.00S,2,PT04M46.00S,0,0,0,0,1.518,0.906,1.518,0.906,1999-11-04,0,0,1,1
29900021,13,1610612737,1610612749,87,673,754,902,1891,107,208,219,299,462,25,0,0,0.0,0.0,1154,1179,2,PT04M46.00S,2,PT04M21.00S,0,0,0,0,1.518,0.906,1.518,0.906,1999-11-04,0,0,1,1
29900021,14,1610612737,1610612749,87,673,754,902,1728,107,208,219,299,462,22,0,0,0.0,0.0,1179,1201,2,PT04M21.00S,2,PT03M59.00S,0,0,0,0,1.518,0.906,1.518,0.906,1999-11-04,0,0,1,1
29900021,15,1610612737,1610612749,375,953,1544,1728,1891,107,208,219,330,1501,11,-52,-55,-50.969,-55.0,1429,1440,2,PT00M11.40S,2,PT00M00.00S,52,55,0,0,53.518,56.752,2.55,1.752,1999-11-04,0,0,1,1
29900022,0,1610612761,1610612748,57,213,891,1541,1713,105,136,297,469,896,125,0,0,1.105,0.0,0,125,1,PT12M00.00S,1,PT09M55.00S,0,0,0,0,0.0,0.0,1.105,0.0,1999-11-04,0,0,1,1
29900022,1,1610612761,1610612748,57,213,891,1503,1541,105,136,297,469,896,376,0,0,0.398,-1.662,125,501,1,PT09M55.00S,1,PT03M39.00S,0,0,0,0,1.105,0.0,1.503,-1.662,1999-11-04,0,0,1,1
29900022,2,1610612761,1610612748,57,213,891,1503,1713,105,136,297,469,896,36,0,0,0.0,0.0,501,537,1,PT03M39.00S,1,PT03M03.00S,0,0,0,0,1.503,-1.662,1.503,-1.662,1999-11-04,0,0,1,1
29900022,3,1610612761,1610612748,57,213,891,1503,1713,105,136,221,469,896,143,0,0,0.0,-1.625,537,680,1,PT03M03.00S,1,PT00M39.60S,0,0,0,0,1.503,-1.662,1.503,-3.287,1999-11-04,0,0,1,1
29900022,4,1610612761,1610612748,57,213,788,1503,1713,105,136,221,469,896,121,0,0,-1.602,0.0,680,801,1,PT00M39.60S,2,PT10M39.00S,0,0,0,0,1.503,-3.287,-0.099,-3.287,1999-11-04,0,0,1,1
29900022,5,1610612761,1610612748,177,209,213,788,1713,136,221,469,896,1110,128,0,0,0.0,0.0,801,929,2,PT10M39.00S,2,PT08M31.00S,0,0,0,0,-0.099,-3.287,-0.099,-3.287,1999-11-04,0,0,1,1
29900022,6,1610612761,1610612748,177,209,788,1519,1713,136,221,469,896,1110,104,0,0,1.211,0.0,929,1033,2,PT08M31.00S,2,PT06M47.00S,0,0,0,0,-0.099,-3.287,1.113,-3.287,1999-11-04,0,0,1,1
29900022,7,1610612761,1610612748,177,209,788,1503,1519,136,221,469,896,1110,105,0,0,0.0,-0.537,1033,1138,2,PT06M47.00S,2,PT05M02.00S,0,0,0,0,1.113,-3.287,1.113,-3.824,1999-11-04,0,0,1,1
29900022,8,1610612761,1610612748,57,209,788,891,1541,221,136,469,702,896,476,0,0,-3.804,1.01,1335,1811,2,PT01M45.00S,3,PT05M49.00S,0,0,0,0,1.113,-3.824,-2.692,-2.814,1999-11-04,0,1,1,1
29900023,0,1610612759,1610612744,53,359,422,764,1495,168,302,923,1502,1712,312,4,4,4.0,4.0,0,312,1,PT12M00.00S,1,PT06M48.00S,0,0,4,4,0.0,0.0,4.0,4.0,1999-11-04,0,0,1,1
29900023,1,1610612759,1610612744,53,359,422,764,1495,168,302,679,1502,1712,13,1,0,1.0,0.0,312,325,1,PT06M48.00S,1,PT06M35.00S,4,4,5,4,4.0,4.0,5.0,4.0,1999-11-04,0,0,1,1
29900023,2,1610612759,1610612744,53,359,422,764,1495,168,187,302,679,1712,20,1,2,1.0,2.0,325,345,1,PT06M35.00S,1,PT06M15.00S,5,4,6,6,5.0,4.0,6.0,6.0,1999-11-04,0,0,1,1
29900023,3,1610612759,1610612744,53,422,760,764,1495,168,187,302,679,1712,40,2,1,2.0,1.0,345,385,1,PT06M15.00S,1,PT05M35.00S,6,6,8,7,6.0,6.0,8.0,7.0,1999-11-04,0,0,1,1
29900023,4,1610612759,1610612744,53,422,760,764,1495,187,317,679,1712,1907,82,3,4,3.0,4.0,385,467,1,PT05M35.00S,1,PT04M13.00S,8,7,11,11,8.0,7.0,11.0,11.0,1999-11-04,0,0,1,1
29900023,5,1610612759,1610612744,53,345,760,990,1495,187,317,679,1712,1907,87,5,3,5.0,3.0,467,554,1,PT04M13.00S,1,PT02M46.00S,11,11,16,14,11.0,11.0,16.0,14.0,1999-11-04,0,0,1,1
29900023,6,1610612759,1610612744,53,345,760,990,1495,168,187,317,679,1907,69,2,0,2.0,0.0,554,623,1,PT02M46.00S,1,PT01M37.00S,16,14,18,14,16.0,14.0,18.0,14.0,1999-11-04,0,0,1,1
29900023,7,1610612759,1610612744,345,760,990,1114,1495,168,187,317,679,1907,219,10,4,7.862,6.876,623,842,1,PT01M37.00S,2,PT09M58.00S,18,14,28,18,18.0,14.0,25.862,20.876,1999-11-04,0,0,1,1
29900023,8,1610612759,1610612744,345,760,764,955,1114,168,187,302,317,679,74,0,0,0.0,0.0,842,916,2,PT09M58.00S,2,PT08M44.00S,28,18,28,18,25.862,20.876,25.862,20.876,1999-11-04,0,0,1,1
29900023,9,1610612759,1610612744,345,760,764,955,1114,168,187,302,679,1712,74,6,3,6.0,3.0,916,990,2,PT08M44.00S,2,PT07M30.00S,28,18,34,21,25.862,20.876,31.862,23.876,1999-11-04,0,0,1,1
29900023,10,1610612759,1610612744,53,422,764,955,1495,187,302,317,679,1712,75,4,2,4.0,2.0,1215,1290,2,PT03M45.00S,2,PT02M30.00S,38,29,42,31,37.351,31.876,41.351,33.876,1999-11-04,0,0,1,1
29900023,11,1610612759,1610612744,53,422,955,990,1495,187,302,317,679,1712,58,0,3,0.0,3.0,1290,1348,2,PT02M30.00S,2,PT01M32.00S,42,31,42,34,41.351,33.876,41.351,36.876,1999-11-04,0,0,1,1
29900023,12,1610612759,1610612744,53,422,760,990,1495,302,317,679,1108,1712,250,10,3,10.0,3.0,1348,1598,2,PT01M32.00S,3,PT09M22.00S,42,34,52,37,41.351,36.876,51.351,39.876,1999-11-04,0,0,1,1
29900023,13,1610612759,1610612744,53,422,760,990,1495,302,317,679,1108,1712,130,5,3,2.917,3.0,1598,1728,3,PT09M22.00S,3,PT07M12.00S,52,37,57,40,51.351,39.876,54.268,42.876,1999-11-04,0,0,1,1
29900023,14,1610612759,1610612744,345,760,955,1114,1495,168,317,1108,1712,1907,144,6,2,6.0,2.0,2305,2449,4,PT09M35.00S,4,PT07M11.00S,78,61,84,63,75.124,61.997,81.124,63.997,1999-11-04,0,0,1,1
29900023,15,1610612759,1610612744,345,760,955,1114,1495,168,317,1108,1712,1800,38,4,0,2.373,0.0,2449,2487,4,PT07M11.00S,4,PT06M33.00S,84,63,88,63,81.124,63.997,83.497,63.997,1999-11-04,0,0,1,1
29900023,16,1610612759,1610612744,760,955,1114,1495,1498,168,317,1108,1712,1800,7,0,0,0.0,0.0,2487,2494,4,PT06M33.00S,4,PT06M26.00S,88,63,88,63,83.497,63.997,83.497,63.997,1999-11-04,0,0,1,1
29900023,17,1610612759,1610612744,359,955,1114,1495,1498,168,317,1108,1712,1800,72,4,2,4.0,2.828,2494,2566,4,PT06M26.00S,4,PT05M14.00S,88,63,92,65,83.497,63.997,87.497,66.825,1999-11-04,0,0,1,1
29900024,0,1610612762,1610612745,178,204,228,252,304,165,787,1000,1005,1883,396,0,0,0.0,0.0,0,396,1,PT12M00.00S,1,PT05M24.00S,0,0,0,0,0.0,0.0,0.0,0.0,1999-11-04,0,0,1,1
29900024,1,1610612762,1610612745,178,204,228,252,458,165,787,1000,1005,1883,37,0,0,0.0,0.0,396,433,1,PT05M24.00S,1,PT04M47.00S,0,0,0,0,0.0,0.0,0.0,0.0,1999-11-04,0,0,1,1
29900024,2,1610612762,1610612745,178,204,252,458,935,165,1000,1509,1749,1883,127,0,0,1.051,0.0,433,560,1,PT04M47.00S,1,PT02M40.00S,0,0,0,0,0.0,0.0,1.051,0.0,1999-11-04,0,0,1,1
29900024,3,1610612762,1610612745,178,252,458,935,1521,763,1000,1509,1749,1883,105,0,0,0.0,0.0,560,665,1,PT02M40.00S,1,PT00M54.90S,0,0,0,0,1.051,0.0,1.051,0.0,1999-11-04,0,0,1,1
29900024,4,1610612762,1610612745,178,252,458,935,1521,763,1509,1724,1749,1883,20,0,0,0.0,0.0,665,685,1,PT00M54.90S,1,PT00M35.30S,0,0,0,0,1.051,0.0,1.051,0.0,1999-11-04,0,0,1,1
29900024,5,1610612762,1610612745,252,432,458,935,1521,763,1509,1724,1749,1883,162,0,0,1.092,1.046,685,847,1,PT00M35.30S,2,PT09M53.00S,0,0,0,0,1.051,0.0,2.143,1.046,1999-11-04,0,0,1,1
29900024,6,1610612762,1610612745,432,458,731,935,1521,787,1509,1724,1749,1883,106,0,0,0.921,-3.158,847,953,2,PT09M53.00S,2,PT08M07.00S,0,0,0,0,2.143,1.046,3.064,-2.112,1999-11-04,0,0,1,1
29900024,7,1610612762,1610612745,252,458,731,1900,1909,435,676,763,1724,1749,69,0,0,0.0,-0.726,2734,2803,4,PT02M26.00S,4,PT01M17.00S,0,0,0,0,6.817,1.859,6.817,1.133,1999-11-04,0,0,1,1
29900024,8,1610612762,1610612745,432,458,731,1900,1909,435,676,763,1724,1749,77,98,82,96.305,82.0,2803,2880,4,PT01M17.00S,4,PT00M00.00S,0,0,98,82,6.817,1.133,103.122,83.133,1999-11-04,0,0,1,1
29900025,0,1610612756,1610612755,26,339,358,467,1890,238,248,947,1716,1737,181,5,7,5.0,7.0,0,181,1,PT12M00.00S,1,PT08M59.00S,0,0,5,7,0.0,0.0,5.0,7.0,1999-11-04,0,0,1,1
29900025,1,1610612756,1610612755,358,361,364,915,932,182,243,248,1716,1928,166,0,0,-0.769,0.0,604,770,1,PT01M56.00S,2,PT11M10.00S,0,0,0,0,2.077,-1.774,1.308,-1.774,1999-11-04,0,0,1,1
29900025,2,1610612756,1610612755,358,361,364,915,932,182,243,248,1477,1716,85,0,0,0.989,0.0,770,855,2,PT11M10.00S,2,PT09M45.00S,0,0,0,0,1.308,-1.774,2.297,-1.774,1999-11-04,0,0,1,1
29900025,3,1610612756,1610612755,358,361,467,915,932,182,243,248,1477,1716,14,0,0,0.0,0.0,855,869,2,PT09M45.00S,2,PT09M31.00S,0,0,0,0,2.297,-1.774,2.297,-1.774,1999-11-04,0,0,1,1
29900025,4,1610612756,1610612755,358,361,467,915,932,182,243,248,1716,1737,13,0,0,0.0,0.0,869,882,2,PT09M31.00S,2,PT09M18.00S,0,0,0,0,2.297,-1.774,2.297,-1.774,1999-11-04,0,0,1,1
29900025,5,1610612756,1610612755,26,358,361,467,932,182,243,248,1716,1737,109,30,33,30.0,31.29,882,991,2,PT09M18.00S,2,PT07M29.00S,0,0,30,33,2.297,-1.774,32.297,29.516,1999-11-04,0,0,1,1
29900025,6,1610612756,1610612755,26,358,361,467,932,182,248,727,947,1737,90,-30,-33,-28.955,-33.0,991,1081,2,PT07M29.00S,2,PT05M59.00S,30,33,0,0,32.297,29.516,3.342,-3.484,1999-11-04,0,0,1,1
29900025,7,1610612756,1610612755,26,358,467,932,1890,248,727,947,1477,1737,21,0,0,0.0,0.0,1081,1102,2,PT05M59.00S,2,PT05M38.00S,0,0,0,0,3.342,-3.484,3.342,-3.484,1999-11-04,0,0,1,1
29900025,8,1610612756,1610612755,26,358,467,932,1890,248,727,947,1477,1928,37,31,35,31.0,35.0,1102,1139,2,PT05M38.00S,2,PT05M01.00S,0,0,31,35,3.342,-3.484,34.342,31.516,1999-11-04,0,0,1,1
29900025,9,1610612756,1610612755,358,361,364,467,932,182,243,727,947,1928,75,0,0,0.0,0.0,1270,1345,2,PT02M50.00S,2,PT01M35.00S,0,0,0,0,3.342,-3.484,3.342,-3.484,1999-11-04,0,0,1,1
29900025,10,1610612756,1610612755,358,361,364,467,932,248,727,947,1716,1928,141,42,42,42.0,43.037,1345,1486,2,PT01M35.00S,3,PT11M14.00S,0,0,42,42,3.342,-3.484,45.342,39.553,1999-11-04,0,0,1,1
29900025,11,1610612756,1610612755,358,361,364,467,932,248,727,947,1716,1928,23,0,0,0.0,0.0,1652,1675,3,PT08M28.00S,3,PT08M05.00S,0,0,0,0,3.342,-2.447,3.342,-2.447,1999-11-04,0,0,1,1
29900025,12,1610612756,1610612755,358,361,364,467,932,248,727,947,1716,1928,236,0,0,-3.432,0.0,1675,1911,3,PT08M05.00S,3,PT04M09.00S,0,0,0,0,3.342,-2.447,-0.091,-2.447,1999-11-04,0,0,1,1
29900025,13,1610612756,1610612755,361,364,467,915,932,182,238,243,1716,1928,31,0,0,0.0,0.0,1981,2012,3,PT02M59.00S,3,PT02M28.00S,0,0,0,0,-0.091,-2.447,-0.091,-2.447,1999-11-04,0,0,1,1
29900025,14,1610612756,1610612755,358,361,364,915,932,182,238,243,1716,1928,145,67,59,67.0,59.0,2012,2157,3,PT02M28.00S,3,PT00M02.80S,0,0,67,59,-0.091,-2.447,66.909,56.553,1999-11-04,0,0,1,1
29900025,15,1610612756,1610612755,364,358,361,915,932,182,238,727,947,1928,101,-67,-59,-67.0,-58.115,2157,2258,3,PT00M02.80S,4,PT10M22.00S,67,59,0,0,66.909,56.553,-0.091,-1.563,1999-11-04,1,0,1,1
29900026,0,1610612760,1610612742,56,270,452,699,1739,123,399,714,1065,1717,353,0,0,4.366,0.0,0,353,1,PT12M00.00S,1,PT06M07.00S,0,0,0,0,0.0,0.0,4.366,0.0,1999-11-04,0,0,1,1
29900026,1,1610612760,1610612742,56,270,452,699,1739,93,123,399,714,1717,198,0,0,0.0,0.0,353,551,1,PT06M07.00S,1,PT02M49.00S,0,0,0,0,4.366,0.0,4.366,0.0,1999-11-04,0,0,1,1
29900026,2,1610612760,1610612742,56,137,270,1740,1741,93,123,714,762,1717,52,0,0,0.0,0.0,551,603,1,PT02M49.00S,1,PT01M57.00S,0,0,0,0,4.366,0.0,4.366,0.0,1999-11-04,0,0,1,1
29900026,3,1610612760,1610612742,56,137,270,1740,1741,76,93,123,762,1717,220,0,0,-1.631,0.0,603,823,1,PT01M57.00S,2,PT10M17.00S,0,0,0,0,4.366,0.0,2.735,0.0,1999-11-04,0,0,1,1
29900026,4,1610612760,1610612742,56,137,270,1740,1741,76,93,123,714,762,26,0,0,0.0,0.0,823,849,2,PT10M17.00S,2,PT09M51.00S,0,0,0,0,2.735,0.0,2.735,0.0,1999-11-04,0,0,1,1
29900026,5,1610612760,1610612742,56,137,270,452,1739,76,123,714,762,1065,76,0,0,1.138,0.0,945,1021,2,PT08M15.00S,2,PT06M59.00S,0,0,0,0,2.735,0.0,3.873,0.0,1999-11-04,0,0,1,1
29900026,6,1610612760,1610612742,56,137,270,452,699,76,123,714,762,1065,78,0,0,0.0,0.0,1186,1264,2,PT04M14.00S,2,PT02M56.00S,0,0,0,0,2.985,0.0,2.985,0.0,1999-11-04,0,0,1,1
29900026,7,1610612760,1610612742,56,137,270,452,1844,76,123,399,714,1065,351,0,0,-0.515,2.248,1264,1615,2,PT02M56.00S,3,PT09M05.00S,0,0,0,0,2.985,0.0,2.47,2.248,1999-11-04,0,0,1,1
29900026,8,1610612760,1610612742,56,137,270,452,1844,76,123,399,714,1065,12,0,0,0.0,0.0,1615,1627,3,PT09M05.00S,3,PT08M53.00S,0,0,0,0,2.47,2.248,2.47,2.248,1999-11-04,0,0,1,1
29900026,9,1610612760,1610612742,56,137,270,452,1844,76,123,762,959,1965,250,0,0,-1.797,-3.535,2048,2298,3,PT01M52.00S,4,PT09M42.00S,0,0,0,0,3.451,-1.501,1.654,-5.037,1999-11-04,0,0,1,1
29900026,10,1610612760,1610612742,56,137,270,452,1844,76,123,762,959,1717,131,0,0,0.91,-1.504,2298,2429,4,PT09M42.00S,4,PT07M31.00S,0,0,0,0,1.654,-5.037,2.563,-6.541,1999-11-04,0,0,1,1
29900026,11,1610612760,1610612742,56,137,270,452,1844,76,93,959,1065,1965,130,106,96,107.059,96.0,2750,2880,4,PT02M10.00S,4,PT00M00.00S,0,0,106,96,3.147,-4.623,110.205,91.377,1999-11-04,0,0,1,1
29900027,0,1610612738,1610612766,72,952,958,1559,1718,133,193,224,922,1944,155,0,0,0.0,1.084,0,155,1,PT12M00.00S,1,PT09M25.00S,0,0,0,0,0.0,0.0,0.0,1.084,1999-11-05,0,0,1,1
29900027,1,1610612738,1610612766,344,384,677,958,1499,133,934,957,1884,1944,29,0,0,0.0,0.0,597,626,1,PT02M03.00S,1,PT01M34.00S,0,0,0,0,1.229,1.084,1.229,1.084,1999-11-05,0,0,1,1
29900027,2,1610612738,1610612766,344,384,677,958,962,133,934,957,1884,1944,81,35,30,35.0,28.178,626,707,1,PT01M34.00S,1,PT00M12.90S,0,0,35,30,1.229,1.084,36.229,29.262,1999-11-05,0,0,1,1
29900027,3,1610612738,1610612766,72,384,958,962,1718,133,934,957,1884,1944,49,-35,-30,-35.0,-30.0,707,756,1,PT00M12.90S,2,PT11M24.00S,35,30,0,0,36.229,29.262,1.229,-0.738,1999-11-05,0,0,1,1
29900027,4,1610612738,1610612766,72,384,958,962,1718,133,184,934,957,1884,119,0,0,1.145,-0.0,756,875,2,PT11M24.00S,2,PT09M25.00S,0,0,0,0,1.229,-0.738,2.373,-0.738,1999-11-05,0,0,1,1
29900027,5,1610612738,1610612766,72,384,952,958,1559,133,184,193,957,1884,49,0,0,0.886,0.0,1046,1095,2,PT06M34.00S,2,PT05M45.00S,0,0,0,0,0.901,0.338,1.788,0.338,1999-11-05,0,0,1,1
29900027,6,1610612738,1610612766,72,677,952,958,1559,133,184,193,957,1884,93,0,0,0.0,0.0,1095,1188,2,PT05M45.00S,2,PT04M12.00S,0,0,0,0,1.788,0.338,1.788,0.338,1999-11-05,0,0,1,1
29900027,7,1610612738,1610612766,72,952,1499,1559,1718,133,184,193,957,1884,54,0,0,0.0,0.0,1188,1242,2,PT04M12.00S,2,PT03M18.00S,0,0,0,0,1.788,0.338,1.788,0.338,1999-11-05,0,0,1,1
29900027,8,1610612738,1610612766,72,344,962,1499,1559,133,184,957,1884,1944,331,-58,-48,-59.276,-48.477,1416,1747,2,PT00M23.80S,3,PT06M53.00S,58,48,0,0,59.788,49.414,0.512,0.937,1999-11-05,0,0,1,1
29900028,0,1610612751,1610612761,197,383,950,994,1496,57,213,891,1541,1713,337,0,0,1.044,-1.68,0,337,1,PT12M00.00S,1,PT06M23.00S,0,0,0,0,0.0,0.0,1.044,-1.68,1999-11-05,0,0,1,1
29900028,1,1610612751,1610612761,29,197,383,950,1496,57,213,891,1541,1713,105,0,0,0.0,-1.68,337,442,1,PT06M23.00S,1,PT04M38.00S,0,0,0,0,1.044,-1.68,1.044,-3.361,1999-11-05,0,0,1,1
29900028,2,1610612751,1610612761,29,197,446,950,1496,57,213,891,1541,1713,34,0,0,0.0,0.0,442,476,1,PT04M38.00S,1,PT04M04.00S,0,0,0,0,1.044,-3.361,1.044,-3.361,1999-11-05,0,0,1,1
29900028,3,1610612751,1610612761,29,271,446,950,1496,57,213,891,1503,1713,69,-18,-25,-19.679,-25.0,476,545,1,PT04M04.00S,1,PT02M55.00S,18,25,0,0,19.044,21.639,-0.635,-3.361,1999-11-05,0,0,1,1
29900028,4,1610612751,1610612761,29,271,446,950,1496,57,213,788,1503,1713,51,0,0,0.0,1.027,545,596,1,PT02M55.00S,1,PT02M04.00S,0,0,0,0,-0.635,-3.361,-0.635,-2.334,1999-11-05,0,0,1,1
29900028,5,1610612751,1610612761,29,271,446,950,994,57,788,1503,1519,1713,160,29,38,29.0,36.391,596,756,1,PT02M04.00S,2,PT11M24.00S,0,0,29,38,-0.635,-2.334,28.365,34.057,1999-11-05,0,0,1,1
29900028,6,1610612751,1610612761,29,271,446,950,994,57,788,1503,1519,1713,51,-29,-38,-29.0,-38.0,756,807,2,PT11M24.00S,2,PT10M33.00S,29,38,0,0,28.365,34.057,-0.635,-3.943,1999-11-05,0,0,1,1
29900028,7,1610612751,1610612761,271,446,950,994,1496,57,788,1503,1519,1713,219,0,0,0.0,1.123,807,1026,2,PT10M33.00S,2,PT06M54.00S,0,0,0,0,-0.635,-3.943,-0.635,-2.819,1999-11-05,0,0,1,1
29900028,8,1610612751,1610612761,271,446,950,994,1496,57,788,1503,1519,1713,60,32,47,32.0,45.215,1026,1086,2,PT06M54.00S,2,PT05M54.00S,0,0,32,47,-0.635,-2.819,31.365,42.395,1999-11-05,0,0,1,1
29900028,9,1610612751,1610612761,271,383,950,994,1496,57,788,891,1503,1713,53,-32,-47,-32.0,-47.0,1086,1139,2,PT05M54.00S,2,PT05M01.00S,32,47,0,0,31.365,42.395,-0.635,-4.605,1999-11-05,0,0,1,1
29900028,10,1610612751,1610612761,197,383,950,994,1496,57,788,891,1503,1713,86,0,0,-1.663,0.0,1139,1225,2,PT05M01.00S,2,PT03M35.00S,0,0,0,0,-0.635,-4.605,-2.298,-4.605,1999-11-05,0,0,1,1
29900028,11,1610612751,1610612761,197,383,950,994,1496,57,788,891,1503,1713,129,0,0,0.0,0.0,1225,1354,2,PT03M35.00S,2,PT01M26.00S,0,0,0,0,-2.298,-4.605,-2.298,-4.605,1999-11-05,0,0,1,1
29900028,12,1610612751,1610612761,197,383,950,994,1496,57,788,891,1541,1713,382,0,0,3.095,0.977,1354,1736,2,PT01M26.00S,3,PT07M04.00S,0,0,0,0,-2.298,-4.605,0.797,-3.628,1999-11-05,0,0,1,1
29900028,13,1610612751,1610612761,29,383,950,994,1496,57,788,891,1541,1713,93,0,0,-0.0,0.0,1736,1829,3,PT07M04.00S,3,PT05M31.00S,0,0,0,0,0.797,-3.628,0.797,-3.628,1999-11-05,0,0,1,1
29900028,14,1610612751,1610612761,29,446,950,994,1496,57,788,891,1503,1713,231,0,0,1.007,0.0,1829,2060,3,PT05M31.00S,3,PT01M40.00S,0,0,0,0,0.797,-3.628,1.804,-3.628,1999-11-05,0,0,1,1
29900028,15,1610612751,1610612761,29,271,446,950,994,177,788,1503,1519,1713,70,-69,-87,-69.0,-87.0,2122,2192,3,PT00M37.60S,4,PT11M28.00S,69,87,0,0,70.804,84.546,1.804,-2.454,1999-11-05,0,0,1,1
29900028,16,1610612751,1610612761,49,271,446,950,994,177,788,1503,1519,1713,61,0,0,0.0,0.0,2192,2253,4,PT11M28.00S,4,PT10M27.00S,0,0,0,0,1.804,-2.454,1.804,-2.454,1999-11-05,0,0,1,1
29900028,17,1610612751,1610612761,49,271,446,950,994,177,209,788,1503,1519,97,0,0,0.0,0.0,2253,2350,4,PT10M27.00S,4,PT08M50.00S,0,0,0,0,1.804,-2.454,1.804,-2.454,1999-11-05,0,0,1,1
29900028,18,1610612751,1610612761,49,271,446,950,1496,177,209,788,1503,1519,109,75,101,75.0,101.0,2350,2459,4,PT08M50.00S,4,PT07M01.00S,0,0,75,101,1.804,-2.454,76.804,98.546,1999-11-05,0,0,1,1
29900029,0,1610612753,1610612739,353,448,1112,1505,1720,431,682,692,1510,1538,346,0,0,-2.6,2.016,0,346,1,PT12M00.00S,1,PT06M14.00S,0,0,0,0,0.0,0.0,-2.6,2.016,1999-11-05,0,0,1,1
29900029,1,1610612753,1610612739,353,423,448,1112,1505,431,682,692,1510,1538,25,0,0,0.0,0.0,346,371,1,PT06M14.00S,1,PT05M49.00S,0,0,0,0,-2.6,2.016,-2.6,2.016,1999-11-05,0,0,1,1
29900029,2,1610612753,1610612739,353,423,448,1112,1505,198,431,682,1510,1538,89,0,0,0.0,0.0,371,460,1,PT05M49.00S,1,PT04M20.00S,0,0,0,0,-2.6,2.016,-2.6,2.016,1999-11-05,0,0,1,1
29900029,3,1610612753,1610612739,423,448,1088,1112,1505,198,431,445,682,1510,8,0,0,0.0,0.0,460,468,1,PT04M20.00S,1,PT04M12.00S,0,0,0,0,-2.6,2.016,-2.6,2.016,1999-11-05,0,0,1,1
29900029,4,1610612753,1610612739,423,448,1088,1505,1727,198,431,445,682,1510,95,0,0,0.0,0.0,468,563,1,PT04M12.00S,1,PT02M37.00S,0,0,0,0,-2.6,2.016,-2.6,2.016,1999-11-05,0,0,1,1
29900029,5,1610612753,1610612739,423,448,1088,1727,1894,198,431,445,682,1510,111,0,0,0.0,0.0,563,674,1,PT02M37.00S,1,PT00M46.00S,0,0,0,0,-2.6,2.016,-2.6,2.016,1999-11-05,0,0,1,1
29900029,6,1610612753,1610612739,42,423,1088,1727,1894,95,198,445,1889,1892,186,-24,-19,-22.951,-17.941,674,860,1,PT00M46.00S,2,PT09M40.00S,24,19,0,0,21.4,21.016,-1.55,3.075,1999-11-05,0,0,1,1
29900029,7,1610612753,1610612739,42,680,1088,1727,1894,95,198,445,1889,1892,65,0,0,2.175,0.0,860,925,2,PT09M40.00S,2,PT08M35.00S,0,0,0,0,-1.55,3.075,0.625,3.075,1999-11-05,0,0,1,1
29900029,8,1610612753,1610612739,42,680,1088,1112,1894,95,198,445,1889,1892,75,0,0,0.0,-1.519,925,1000,2,PT08M35.00S,2,PT07M20.00S,0,0,0,0,0.625,3.075,0.625,1.556,1999-11-05,0,0,1,1
29900029,9,1610612753,1610612739,353,680,1112,1505,1894,198,445,692,1889,1892,111,0,0,0.971,-0.46,1000,1111,2,PT07M20.00S,2,PT05M29.00S,0,0,0,0,0.625,1.556,1.596,1.095,1999-11-05,0,0,1,1
29900029,10,1610612753,1610612739,353,448,680,1112,1505,198,445,692,1889,1892,125,0,0,0.0,1.188,1111,1236,2,PT05M29.00S,2,PT03M24.00S,0,0,0,0,1.596,1.095,1.596,2.283,1999-11-05,0,0,1,1
29900029,11,1610612753,1610612739,353,448,1505,1720,1723,198,431,445,1510,1892,76,0,0,-0.864,1.059,1236,1312,2,PT03M24.00S,2,PT02M08.00S,0,0,0,0,1.596,2.283,0.732,3.342,1999-11-05,0,0,1,1
29900029,12,1610612753,1610612739,353,448,1505,1720,1723,198,431,682,1510,1892,511,0,0,-0.864,1.34,1312,1823,2,PT02M08.00S,3,PT05M37.00S,0,0,0,0,0.732,3.342,-0.132,4.682,1999-11-05,0,0,1,1
29900029,13,1610612753,1610612739,42,353,423,1505,1723,198,431,682,1510,1892,54,0,0,0.0,0.0,1823,1877,3,PT05M37.00S,3,PT04M43.00S,0,0,0,0,-0.132,4.682,-0.132,4.682,1999-11-05,0,0,1,1
29900029,14,1610612753,1610612739,42,423,680,1088,1723,95,198,445,1510,1892,99,0,0,-0.0,2.214,2218,2317,4,PT11M02.00S,4,PT09M23.00S,0,0,0,0,0.917,4.351,0.917,6.565,1999-11-05,0,0,1,1
29900029,15,1610612753,1610612739,42,423,680,1088,1723,198,431,692,1510,1892,25,0,0,0.0,-1.565,2317,2342,4,PT09M23.00S,4,PT08M58.00S,0,0,0,0,0.917,6.565,0.917,5.0,1999-11-05,0,0,1,1
29900029,16,1610612753,1610612739,42,423,1088,1720,1723,198,431,692,1510,1892,81,0,0,0.0,0.0,2342,2423,4,PT08M58.00S,4,PT07M37.00S,0,0,0,0,0.917,5.0,0.917,5.0,1999-11-05,0,0,1,1
29900029,17,1610612753,1610612739,42,1088,1720,1723,1727,198,431,692,1510,1892,36,0,0,0.0,0.0,2423,2459,4,PT07M37.00S,4,PT07M01.00S,0,0,0,0,0.917,5.0,0.917,5.0,1999-11-05,0,0,1,1
29900029,18,1610612753,1610612739,42,448,1088,1720,1727,198,431,692,1510,1892,49,0,0,0.0,0.0,2459,2508,4,PT07M01.00S,4,PT06M12.00S,0,0,0,0,0.917,5.0,0.917,5.0,1999-11-05,0,0,1,1
29900029,19,1610612753,1610612739,353,448,1505,1720,1727,198,431,692,1510,1892,81,0,0,0.0,1.059,2508,2589,4,PT06M12.00S,4,PT04M51.00S,0,0,0,0,0.917,5.0,0.917,6.059,1999-11-05,0,0,1,1
29900029,20,1610612753,1610612739,353,448,1505,1720,1727,198,682,692,1510,1892,25,0,0,0.0,0.0,2589,2614,4,PT04M51.00S,4,PT04M26.00S,0,0,0,0,0.917,6.059,0.917,6.059,1999-11-05,0,0,1,1
29900029,21,1610612753,1610612739,353,423,448,1505,1727,198,682,692,1510,1892,16,0,0,0.0,0.0,2614,2630,4,PT04M26.00S,4,PT04M10.00S,0,0,0,0,0.917,6.059,0.917,6.059,1999-11-05,0,0,1,1
29900029,22,1610612753,1610612739,42,353,423,448,1505,198,431,682,1510,1892,145,0,0,0.871,-1.737,2630,2775,4,PT04M10.00S,4,PT01M45.00S,0,0,0,0,0.917,6.059,1.788,4.322,1999-11-05,0,0,1,1
29900029,23,1610612753,1610612739,42,353,423,680,1505,198,431,682,1510,1892,87,0,0,0.0,0.0,2775,2862,4,PT01M45.00S,4,PT00M18.10S,0,0,0,0,1.788,4.322,1.788,4.322,1999-11-05,0,0,1,1
29900029,24,1610612753,1610612739,353,1088,1505,1720,1727,198,431,682,1510,1892,11,0,0,0.0,0.0,2863,2874,4,PT00M16.60S,4,PT00M05.60S,0,0,0,0,1.788,4.322,1.788,4.322,1999-11-05,0,0,1,1
29900029,25,1610612753,1610612739,42,353,1088,1505,1727,431,682,1510,1889,1892,6,99,104,99.971,104.0,2874,2880,4,PT00M05.60S,4,PT00M00.00S,0,0,99,104,1.788,4.322,101.76,108.322,1999-11-05,0,0,1,1
29900030,0,1610612765,1610612752,283,363,690,711,966,84,275,369,913,948,285,0,0,-1.698,1.037,0,285,1,PT12M00.00S,1,PT07M15.00S,0,0,0,0,0.0,0.0,-1.698,1.037,1999-11-05,0,0,1,1
29900030,1,1610612765,1610612752,283,688,711,919,966,84,275,369,703,948,55,0,0,0.0,0.0,500,555,1,PT03M40.00S,1,PT02M45.00S,0,0,0,0,-1.698,0.404,-1.698,0.404,1999-11-05,0,0,1,1
29900030,2,1610612765,1610612752,283,688,711,919,966,275,369,703,948,961,132,18,29,16.055,29.0,555,687,1,PT02M45.00S,1,PT00M32.60S,0,0,18,29,-1.698,0.404,14.357,29.404,1999-11-05,0,0,1,1
29900030,3,1610612765,1610612752,255,688,711,919,966,164,369,703,948,961,27,-18,-29,-18.0,-29.0,687,714,1,PT00M32.60S,1,PT00M06.10S,18,29,0,0,14.357,29.404,-3.643,0.404,1999-11-05,0,0,1,1
29900030,4,1610612765,1610612752,255,283,688,711,966,84,275,369,948,961,194,0,0,1.009,-1.921,714,908,1,PT00M06.10S,2,PT08M52.00S,0,0,0,0,-3.643,0.404,-2.634,-1.517,1999-11-05,0,0,1,1
29900030,5,1610612765,1610612752,255,283,371,688,966,84,275,369,703,961,112,0,0,0.0,-1.54,1885,1997,3,PT04M35.00S,3,PT02M43.00S,0,0,0,0,1.107,-6.493,1.107,-8.033,1999-11-05,0,1,1,1
29900030,6,1610612765,1610612752,283,371,688,711,966,84,275,369,703,961,133,0,0,-0.677,1.037,1997,2130,3,PT02M43.00S,3,PT00M30.50S,0,0,0,0,1.107,-8.033,0.43,-6.996,1999-11-05,0,1,1,1
29900030,7,1610612765,1610612752,283,371,688,711,966,84,164,369,703,913,170,63,81,63.0,83.054,2130,2300,3,PT00M30.50S,4,PT09M40.00S,0,0,63,81,0.43,-6.996,63.43,76.058,1999-11-05,0,1,1,1
29900030,8,1610612765,1610612752,283,363,688,711,966,84,164,369,703,913,58,-63,-81,-63.0,-81.0,2300,2358,4,PT09M40.00S,4,PT08M42.00S,63,81,0,0,63.43,76.058,0.43,-4.942,1999-11-05,0,1,1,1
29900030,9,1610612765,1610612752,283,363,688,711,966,84,164,369,703,913,12,0,0,0.0,0.0,2358,2370,4,PT08M42.00S,4,PT08M30.00S,0,0,0,0,0.43,-4.942,0.43,-4.942,1999-11-05,0,1,1,1
29900030,10,1610612765,1610612752,283,363,688,711,966,84,164,275,703,913,113,0,0,0.0,0.0,2370,2483,4,PT08M30.00S,4,PT06M37.00S,0,0,0,0,0.43,-4.942,0.43,-4.942,1999-11-05,0,1,1,1
29900030,11,1610612765,1610612752,283,363,688,711,966,84,164,275,913,948,69,73,86,73.0,86.0,2483,2552,4,PT06M37.00S,4,PT05M28.00S,0,0,73,86,0.43,-4.942,73.43,81.058,1999-11-05,0,1,1,1
29900030,12,1610612765,1610612752,283,363,688,711,966,84,164,369,913,948,30,4,2,4.0,2.0,2552,2582,4,PT05M28.00S,4,PT04M58.00S,73,86,77,88,73.43,81.058,77.43,83.058,1999-11-05,0,1,1,1
29900030,13,1610612765,1610612752,146,283,688,711,966,84,164,369,913,948,27,-77,-88,-77.0,-86.966,2582,2609,4,PT04M58.00S,4,PT04M31.00S,77,88,0,0,77.43,83.058,0.43,-3.907,1999-11-05,0,1,1,1
29900030,14,1610612765,1610612752,146,255,283,711,966,84,275,369,913,948,17,0,0,0.0,0.0,2705,2722,4,PT02M55.00S,4,PT02M38.00S,0,0,0,0,-1.151,-5.656,-1.151,-5.656,1999-11-05,0,1,1,1
29900030,15,1610612765,1610612752,146,255,283,711,966,84,164,275,913,948,105,89,98,87.323,97.206,2722,2827,4,PT02M38.00S,4,PT00M53.30S,0,0,89,98,-1.151,-5.656,86.172,91.55,1999-11-05,0,1,1,1
29900030,16,1610612765,1610612752,146,255,283,371,711,84,164,275,913,948,13,0,2,0.0,2.0,2827,2840,4,PT00M53.30S,4,PT00M39.70S,89,98,89,100,86.172,91.55,86.172,93.55,1999-11-05,0,1,1,1
29900031,0,1610612741,1610612748,54,389,753,765,1882,105,136,297,469,896,142,2,7,2.0,8.082,0,142,1,PT12M00.00S,1,PT09M38.00S,0,0,2,7,0.0,0.0,2.0,8.082,1999-11-05,0,0,1,1
29900031,1,1610612741,1610612748,54,389,765,1882,2000,105,136,297,469,896,429,-2,-7,-3.52,-9.398,142,571,1,PT09M38.00S,1,PT02M29.00S,2,7,0,0,2.0,8.082,-1.52,-1.316,1999-11-05,0,0,1,1
29900031,2,1610612741,1610612748,697,781,1897,1913,2000,105,136,297,702,1853,54,0,0,0.0,0.0,571,625,1,PT02M29.00S,1,PT01M35.00S,0,0,0,0,-1.52,-1.316,-1.52,-1.316,1999-11-05,0,0,1,1
29900031,3,1610612741,1610612748,697,781,1897,1913,2000,105,221,297,702,1853,66,0,0,-1.581,1.082,625,691,1,PT01M35.00S,1,PT00M28.60S,0,0,0,0,-1.52,-1.316,-3.101,-0.234,1999-11-05,0,0,1,1
29900031,4,1610612741,1610612748,697,753,781,1897,1913,221,297,702,896,1853,48,0,0,0.0,0.0,691,739,1,PT00M28.60S,2,PT11M41.00S,0,0,0,0,-3.101,-0.234,-3.101,-0.234,1999-11-05,0,0,1,1
29900031,5,1610612741,1610612748,697,753,781,1897,1913,136,221,702,896,1853,155,0,0,1.047,-0.45,739,894,2,PT11M41.00S,2,PT09M06.00S,0,0,0,0,-3.101,-0.234,-2.054,-0.683,1999-11-05,0,0,1,1
29900031,6,1610612741,1610612748,389,697,753,781,1913,136,221,702,896,1853,39,0,0,0.0,0.0,894,933,2,PT09M06.00S,2,PT08M27.00S,0,0,0,0,-2.054,-0.683,-2.054,-0.683,1999-11-05,0,0,1,1
29900031,7,1610612741,1610612748,54,389,765,1882,2000,105,221,297,469,896,154,0,0,0.672,1.128,1182,1336,2,PT04M18.00S,2,PT01M44.00S,0,0,0,0,-3.417,-0.683,-2.746,0.445,1999-11-05,0,0,1,1
29900031,8,1610612741,1610612748,54,753,765,1882,1897,105,190,221,469,896,23,0,0,0.0,0.0,1336,1359,2,PT01M44.00S,2,PT01M21.00S,0,0,0,0,-2.746,0.445,-2.746,0.445,1999-11-05,0,0,1,1
29900031,9,1610612741,1610612748,753,765,1512,1882,1897,105,190,221,469,896,55,31,55,31.0,56.082,1359,1414,2,PT01M21.00S,2,PT00M25.80S,0,0,31,55,-2.746,0.445,28.254,56.527,1999-11-05,0,0,1,1
29900031,10,1610612741,1610612748,753,765,1512,1882,1897,105,190,469,702,896,132,-31,-55,-32.875,-55.0,1414,1546,2,PT00M25.80S,3,PT10M14.00S,31,55,0,0,28.254,56.527,-4.621,1.527,1999-11-05,0,0,1,1
29900031,11,1610612741,1610612748,697,753,1512,1882,1897,105,190,469,702,896,176,0,0,0.396,1.01,1546,1722,3,PT10M14.00S,3,PT07M18.00S,0,0,0,0,-4.621,1.527,-4.224,2.537,1999-11-05,0,0,1,1
29900031,12,1610612741,1610612748,697,753,1512,1600,1897,105,190,469,702,896,50,0,0,0.0,0.0,1722,1772,3,PT07M18.00S,3,PT06M28.00S,0,0,0,0,-4.224,2.537,-4.224,2.537,1999-11-05,0,0,1,1
29900031,13,1610612741,1610612748,697,1512,1600,1897,2000,105,190,469,702,896,37,45,62,45.0,62.0,1772,1809,3,PT06M28.00S,3,PT05M51.00S,0,0,45,62,-4.224,2.537,40.776,64.537,1999-11-05,0,0,1,1
29900031,14,1610612741,1610612748,389,753,1512,1882,2000,190,221,702,1110,1853,102,-62,-92,-62.0,-92.0,2270,2372,4,PT10M10.00S,4,PT08M28.00S,62,92,0,0,57.776,88.887,-4.224,-3.113,1999-11-05,0,0,1,1
29900031,15,1610612741,1610612748,389,753,1512,1913,2000,190,221,702,777,1110,51,-67,-92,-66.098,-92.0,2372,2423,4,PT08M28.00S,4,PT07M37.00S,67,92,0,0,62.776,88.887,-3.323,-3.113,1999-11-05,0,0,1,1
29900031,16,1610612741,1610612748,697,1512,1897,1913,2000,190,221,702,777,1110,227,0,0,-2.419,0.0,2423,2650,4,PT07M37.00S,4,PT03M50.00S,0,0,0,0,-3.323,-3.113,-5.741,-3.113,1999-11-05,0,0,1,1
29900031,17,1610612741,1610612748,697,1512,1600,1913,2000,190,221,702,777,1110,230,87,105,89.028,104.465,2650,2880,4,PT03M50.00S,4,PT00M00.00S,0,0,87,105,-5.741,-3.113,83.287,101.351,1999-11-05,0,0,1,1
29900032,0,1610612745,1610612759,165,787,1000,1005,1883,53,359,422,764,1495,309,9,14,11.33,12.321,0,309,1,PT12M00.00S,1,PT06M51.00S,0,0,9,14,0.0,0.0,11.33,12.321,1999-11-05,0,0,1,1
29900032,1,1610612745,1610612759,165,787,1005,1749,1883,53,359,422,764,1495,158,-9,-14,-12.252,-14.0,309,467,1,PT06M51.00S,1,PT04M13.00S,9,14,0,0,11.33,12.321,-0.922,-1.679,1999-11-05,0,0,1,1
29900032,2,1610612745,1610612759,787,1005,1509,1749,1883,53,422,760,764,1495,44,0,0,0.0,0.0,467,511,1,PT04M13.00S,1,PT03M29.00S,0,0,0,0,-0.922,-1.679,-0.922,-1.679,1999-11-05,0,0,1,1
29900032,3,1610612745,1610612759,787,1005,1509,1749,1883,53,422,760,990,1495,23,0,0,0.0,0.0,511,534,1,PT03M29.00S,1,PT03M06.00S,0,0,0,0,-0.922,-1.679,-0.922,-1.679,1999-11-05,0,0,1,1
29900032,4,1610612745,1610612759,787,1005,1509,1749,1883,53,345,760,990,1495,60,0,0,1.077,1.027,534,594,1,PT03M06.00S,1,PT02M06.00S,0,0,0,0,-0.922,-1.679,0.155,-0.652,1999-11-05,0,0,1,1
29900032,5,1610612745,1610612759,787,1005,1509,1749,1883,345,760,990,1114,1495,110,0,0,0.0,-0.0,594,704,1,PT02M06.00S,1,PT00M16.00S,0,0,0,0,0.155,-0.652,0.155,-0.652,1999-11-05,0,0,1,1
29900032,6,1610612745,1610612759,763,1005,1509,1749,1883,345,760,990,1114,1495,180,0,0,1.045,0.0,704,884,1,PT00M16.00S,2,PT09M16.00S,0,0,0,0,0.155,-0.652,1.201,-0.652,1999-11-05,0,0,1,1
29900032,7,1610612745,1610612759,165,763,1005,1749,1883,345,760,764,1114,1495,103,0,0,0.0,0.0,884,987,2,PT09M16.00S,2,PT07M33.00S,0,0,0,0,1.201,-0.652,1.201,-0.652,1999-11-05,0,0,1,1
