game_id,stint_index,home_id,away_id,home_p1,home_p2,home_p3,home_p4,home_p5,away_p1,away_p2,away_p3,away_p4,away_p5,seconds,home_pts,away_pts,home_pts_adj,away_pts_adj,start_elapsed,end_elapsed,start_period,start_clock,end_period,end_clock,start_home_score,start_away_score,end_home_score,end_away_score,start_home_score_adj,start_away_score_adj,end_home_score_adj,end_away_score_adj,date,home_inferred_count,away_inferred_count,home_lineup_complete,away_lineup_complete
29700001,0,1610612738,1610612741,952,962,969,1477,1500,26,166,389,679,893,120,0,0,0.0,0.0,0,120,1,PT12M00.00S,1,PT10M00.00S,0,0,0,0,0.0,0.0,0.0,0.0,1997-10-31,0,0,1,1
29700001,1,1610612738,1610612741,244,442,952,1477,1497,23,166,389,679,893,28,0,0,0.0,0.0,367,395,1,PT05M53.00S,1,PT05M25.00S,0,0,0,0,0.889,0.855,0.889,0.855,1997-10-31,0,0,1,1
29700001,2,1610612738,1610612741,244,952,969,1477,1497,23,166,389,679,893,71,0,0,0.0,0.0,395,466,1,PT05M25.00S,1,PT04M14.00S,0,0,0,0,0.889,0.855,0.889,0.855,1997-10-31,0,0,1,1
29700001,3,1610612738,1610612741,244,952,969,1477,1497,23,166,197,389,893,82,8,22,9.005,22.0,466,548,1,PT04M14.00S,1,PT02M52.00S,0,0,8,22,0.889,0.855,9.894,22.855,1997-10-31,0,0,1,1
29700001,4,1610612738,1610612741,244,969,1477,1497,1519,23,166,197,389,893,55,-8,-22,-8.0,-22.0,548,603,1,PT02M52.00S,1,PT01M57.00S,8,22,0,0,9.894,22.855,1.894,0.855,1997-10-31,0,0,1,1
29700001,5,1610612738,1610612741,244,969,1497,1500,1519,23,166,197,389,753,89,0,0,1.128,0.0,603,692,1,PT01M57.00S,1,PT00M28.20S,0,0,0,0,1.894,0.855,3.022,0.855,1997-10-31,0,0,1,1
29700001,6,1610612738,1610612741,244,344,969,1500,1519,23,70,197,389,753,117,0,0,1.149,0.988,692,809,1,PT00M28.20S,2,PT10M31.00S,0,0,0,0,3.022,0.855,4.171,1.843,1997-10-31,0,0,1,1
29700001,7,1610612738,1610612741,244,344,969,1500,1519,23,70,197,389,753,25,0,0,0.0,0.0,809,834,2,PT10M31.00S,2,PT10M06.00S,0,0,0,0,4.171,1.843,4.171,1.843,1997-10-31,0,0,1,1
29700001,8,1610612738,1610612741,344,969,1477,1500,1519,23,70,166,389,893,57,0,0,0.0,0.0,1055,1112,2,PT06M25.00S,2,PT05M28.00S,0,0,0,0,2.613,1.843,2.613,1.843,1997-10-31,0,0,1,1
29700001,9,1610612738,1610612741,344,969,1477,1500,1519,70,166,389,679,893,25,0,0,0.0,0.0,1112,1137,2,PT05M28.00S,2,PT05M03.00S,0,0,0,0,2.613,1.843,2.613,1.843,1997-10-31,0,0,1,1
29700001,10,1610612738,1610612741,344,692,1477,1500,1519,70,146,166,679,893,40,24,37,24.0,37.0,1137,1177,2,PT05M03.00S,2,PT04M23.00S,0,0,24,37,2.613,1.843,26.613,38.843,1997-10-31,0,0,1,1
29700001,11,1610612738,1610612741,692,1477,1497,1500,1519,70,146,166,679,893,178,-24,-37,-24.0,-37.0,1177,1355,2,PT04M23.00S,2,PT01M25.00S,24,37,0,0,26.613,38.843,2.613,1.843,1997-10-31,0,0,1,1
29700001,12,1610612738,1610612741,344,442,1477,1500,1519,70,146,166,679,893,296,0,0,1.602,0.0,1355,1651,2,PT01M25.00S,3,PT08M29.00S,0,0,0,0,2.613,1.843,4.214,1.843,1997-10-31,0,0,1,1
29700001,13,1610612738,1610612741,344,442,692,1477,1519,70,146,166,679,893,18,0,0,-1.701,0.0,1761,1779,3,PT06M39.00S,3,PT06M21.00S,0,0,0,0,5.214,1.843,3.512,1.843,1997-10-31,0,0,1,1
29700002,0,1610612751,1610612754,208,236,383,420,423,22,349,397,904,905,365,11,12,11.0,12.0,0,365,1,PT12M00.00S,1,PT05M55.00S,0,0,11,12,0.0,0.0,11.0,12.0,1997-10-31,0,0,1,1
29700002,1,1610612751,1610612754,208,236,383,420,423,213,349,397,904,905,197,7,9,7.921,7.407,365,562,1,PT05M55.00S,1,PT02M38.00S,11,12,18,21,11.0,12.0,18.921,19.407,1997-10-31,0,0,1,1
29700002,2,1610612751,1610612754,128,208,420,423,446,213,397,696,697,770,14,0,0,0.0,0.0,562,576,1,PT02M38.00S,1,PT02M24.00S,18,21,18,21,18.921,19.407,18.921,19.407,1997-10-31,0,0,1,1
29700002,3,1610612751,1610612754,128,208,212,423,446,213,397,696,697,770,98,0,3,0.0,4.202,576,674,1,PT02M24.00S,1,PT00M45.80S,18,21,18,24,18.921,19.407,18.921,23.609,1997-10-31,0,0,1,1
29700002,4,1610612751,1610612754,128,208,212,383,446,213,397,696,697,770,129,4,4,4.0,5.025,674,803,1,PT00M45.80S,2,PT10M37.00S,18,24,22,28,18.921,23.609,22.921,28.635,1997-10-31,0,0,1,1
29700002,5,1610612751,1610612754,128,212,383,428,446,213,397,696,697,770,86,2,2,2.0,2.0,803,889,2,PT10M37.00S,2,PT09M11.00S,22,28,24,30,22.921,28.635,24.921,30.635,1997-10-31,0,0,1,1
29700002,6,1610612751,1610612754,128,236,420,428,446,22,213,397,696,697,52,2,5,2.0,5.0,889,941,2,PT09M11.00S,2,PT08M19.00S,24,30,26,35,24.921,30.635,26.921,35.635,1997-10-31,0,0,1,1
29700002,7,1610612751,1610612754,236,420,423,428,446,22,213,397,696,697,19,2,0,2.0,0.0,941,960,2,PT08M19.00S,2,PT08M00.00S,26,35,28,35,26.921,35.635,28.921,35.635,1997-10-31,0,0,1,1
29700002,8,1610612751,1610612754,208,236,420,423,446,22,397,696,697,905,64,4,4,4.0,4.0,960,1024,2,PT08M00.00S,2,PT06M56.00S,28,35,32,39,28.921,35.635,32.921,39.635,1997-10-31,0,0,1,1
29700002,9,1610612751,1610612754,208,236,383,420,423,22,397,696,697,905,67,0,2,0.0,2.0,1024,1091,2,PT06M56.00S,2,PT05M49.00S,32,39,32,41,32.921,39.635,32.921,41.635,1997-10-31,0,0,1,1
29700002,10,1610612751,1610612754,208,236,262,383,420,22,397,696,697,905,53,2,0,2.0,0.0,1091,1144,2,PT05M49.00S,2,PT04M56.00S,32,41,34,41,32.921,41.635,34.921,41.635,1997-10-31,0,0,1,1
29700002,11,1610612751,1610612754,208,236,262,383,420,22,349,397,904,905,86,5,3,5.0,3.0,1144,1230,2,PT04M56.00S,2,PT03M30.00S,35,41,40,44,35.921,41.635,40.921,44.635,1997-10-31,0,0,1,1
29700002,12,1610612751,1610612754,236,262,383,420,428,22,349,397,904,905,108,3,6,4.949,6.0,1230,1338,2,PT03M30.00S,2,PT01M42.00S,40,44,43,50,40.921,44.635,45.869,50.635,1997-10-31,0,0,1,1
29700002,13,1610612751,1610612754,128,236,420,423,428,22,349,397,904,905,320,5,7,5.93,8.114,1338,1658,2,PT01M42.00S,3,PT08M22.00S,43,50,48,57,45.869,50.635,51.8,58.749,1997-10-31,0,0,1,1
29700002,14,1610612751,1610612754,128,236,420,423,428,213,349,397,904,905,193,10,14,10.953,10.674,1658,1851,3,PT08M22.00S,3,PT05M09.00S,48,57,58,71,51.8,58.749,62.752,69.423,1997-10-31,0,0,1,1
29700002,15,1610612751,1610612754,128,236,262,420,428,22,213,349,397,697,81,4,2,4.0,2.0,1851,1932,3,PT05M09.00S,3,PT03M48.00S,58,71,62,73,62.752,69.423,66.752,71.423,1997-10-31,0,0,1,1
29700002,16,1610612751,1610612754,128,236,262,420,428,22,213,397,696,697,30,1,0,1.0,0.0,1932,1962,3,PT03M48.00S,3,PT03M18.00S,62,73,63,73,66.752,71.423,67.752,71.423,1997-10-31,0,0,1,1
29700002,17,1610612751,1610612754,128,262,420,428,446,22,213,397,696,697,71,3,1,3.0,2.025,1962,2033,3,PT03M18.00S,3,PT02M07.00S,63,73,66,74,67.752,71.423,70.752,73.448,1997-10-31,0,0,1,1
29700002,18,1610612751,1610612754,128,262,420,428,446,22,213,349,397,697,81,-14,-12,-14.0,-12.0,2033,2114,3,PT02M07.00S,3,PT00M45.90S,66,74,52,62,70.752,73.448,56.752,61.448,1997-10-31,0,0,1,1
29700002,19,1610612751,1610612754,128,212,262,428,446,22,213,349,397,697,37,24,14,22.068,15.114,2114,2151,3,PT00M45.90S,3,PT00M09.30S,52,62,76,76,56.752,61.448,78.821,76.562,1997-10-31,0,0,1,1
29700002,20,1610612751,1610612754,128,212,262,428,446,22,213,397,696,697,65,-20,-14,-20.0,-12.886,2151,2216,3,PT00M09.30S,4,PT11M04.00S,76,76,56,62,78.821,76.562,58.821,63.676,1997-10-31,0,0,1,1
29700003,0,1610612755,1610612749,77,221,711,754,934,210,238,299,911,951,278,0,0,-1.54,-1.519,0,278,1,PT12M00.00S,1,PT07M22.00S,0,0,0,0,0.0,0.0,-1.54,-1.519,1997-10-31,0,0,1,1
29700003,1,1610612755,1610612749,77,221,711,754,934,210,238,288,299,951,97,0,0,-0.0,-1.519,278,375,1,PT07M22.00S,1,PT05M45.00S,0,0,0,0,-1.54,-1.519,-1.54,-3.037,1997-10-31,0,0,1,1
29700003,2,1610612755,1610612749,77,221,711,754,934,210,288,299,688,951,27,13,14,13.0,14.0,375,402,1,PT05M45.00S,1,PT05M18.00S,0,0,13,14,-1.54,-3.037,11.46,10.963,1997-10-31,0,0,1,1
29700003,3,1610612755,1610612749,77,187,711,754,934,210,288,299,688,951,219,-13,-14,-14.892,-16.088,402,621,1,PT05M18.00S,1,PT01M39.00S,13,14,0,0,11.46,10.963,-3.433,-5.125,1997-10-31,0,0,1,1
29700003,4,1610612755,1610612749,187,754,777,934,1501,210,288,299,688,951,53,21,27,21.0,27.0,621,674,1,PT01M39.00S,1,PT00M46.30S,0,0,21,27,-3.433,-5.125,17.567,21.875,1997-10-31,0,0,1,1
29700003,5,1610612755,1610612749,187,754,777,934,1501,288,299,386,688,951,45,3,0,3.0,0.0,674,719,1,PT00M46.30S,1,PT00M01.00S,21,27,24,27,17.567,21.875,20.567,21.875,1997-10-31,0,0,1,1
29700003,6,1610612755,1610612749,187,281,754,777,1501,288,299,386,688,951,60,1,0,1.0,0.0,719,779,1,PT00M01.00S,2,PT11M01.00S,24,27,25,27,20.567,21.875,21.567,21.875,1997-10-31,0,0,1,1
29700003,7,1610612755,1610612749,187,281,754,777,1501,288,299,386,688,951,46,0,3,0.0,3.0,779,825,2,PT11M01.00S,2,PT10M15.00S,25,27,25,30,21.567,21.875,21.567,24.875,1997-10-31,0,0,1,1
29700003,8,1610612755,1610612749,221,281,754,777,1501,288,299,386,688,951,18,-25,-30,-25.0,-30.0,825,843,2,PT10M15.00S,2,PT09M57.00S,25,30,0,0,21.567,24.875,-3.433,-5.125,1997-10-31,0,0,1,1
29700003,9,1610612755,1610612749,77,221,707,754,934,288,299,386,688,951,187,0,0,0.0,0.0,1205,1392,2,PT03M55.00S,2,PT00M47.70S,0,0,0,0,-2.266,-5.125,-2.266,-5.125,1997-10-31,0,0,1,1
29700003,10,1610612755,1610612749,77,281,707,754,934,288,299,386,688,951,352,0,0,-1.606,1.282,1392,1744,2,PT00M47.70S,3,PT06M56.00S,0,0,0,0,-2.266,-5.125,-3.872,-3.843,1997-10-31,0,0,1,1
29700003,11,1610612755,1610612749,281,707,754,777,934,288,299,386,688,951,24,54,64,54.0,64.0,1744,1768,3,PT06M56.00S,3,PT06M32.00S,0,0,54,64,-3.872,-3.843,50.128,60.157,1997-10-31,0,0,1,1
29700003,12,1610612755,1610612749,187,221,754,777,1501,238,386,688,911,951,139,0,0,0.0,-1.519,2426,2565,4,PT07M34.00S,4,PT05M15.00S,0,0,0,0,-2.559,-0.398,-2.559,-1.916,1997-10-31,0,0,1,1
29700003,13,1610612755,1610612749,187,221,754,777,1501,238,386,688,911,951,96,0,0,0.0,0.0,2565,2661,4,PT05M15.00S,4,PT03M39.00S,0,0,0,0,-2.559,-1.916,-2.559,-1.916,1997-10-31,0,0,1,1
29700003,14,1610612755,1610612749,187,221,754,777,1501,210,238,688,911,951,114,0,0,0.0,0.0,2661,2775,4,PT03M39.00S,4,PT01M45.00S,0,0,0,0,-2.559,-1.916,-2.559,-1.916,1997-10-31,0,0,1,1
29700004,0,1610612753,1610612737,98,157,270,358,938,87,120,302,363,895,280,0,0,0.0,0.0,0,280,1,PT12M00.00S,1,PT07M20.00S,0,0,0,0,0.0,0.0,0.0,0.0,1997-10-31,0,0,1,1
29700004,1,1610612753,1610612737,7,98,157,270,358,87,120,302,363,895,47,7,10,7.96,10.958,280,327,1,PT07M20.00S,1,PT06M33.00S,0,0,7,10,0.0,0.0,7.96,10.958,1997-10-31,0,0,1,1
29700004,2,1610612753,1610612737,98,157,270,358,938,120,246,302,363,895,60,-7,-10,-7.0,-10.0,327,387,1,PT06M33.00S,1,PT05M33.00S,7,10,0,0,7.96,10.958,0.96,0.958,1997-10-31,0,0,1,1
29700004,3,1610612753,1610612737,98,157,270,786,938,120,246,302,363,895,177,0,0,0.0,0.0,387,564,1,PT05M33.00S,1,PT02M36.00S,0,0,0,0,0.96,0.958,0.96,0.958,1997-10-31,0,0,1,1
29700004,4,1610612753,1610612737,270,786,899,938,967,120,246,302,363,895,76,0,0,0.0,0.0,564,640,1,PT02M36.00S,1,PT01M20.00S,0,0,0,0,0.96,0.958,0.96,0.958,1997-10-31,0,0,1,1
29700004,5,1610612753,1610612737,270,786,899,938,967,120,246,302,359,673,42,0,0,0.0,0.0,640,682,1,PT01M20.00S,1,PT00M38.00S,0,0,0,0,0.96,0.958,0.96,0.958,1997-10-31,0,0,1,1
29700004,6,1610612753,1610612737,448,786,899,938,967,120,246,302,359,673,146,0,0,-0.85,-0.0,682,828,1,PT00M38.00S,2,PT10M12.00S,0,0,0,0,0.96,0.958,0.111,0.958,1997-10-31,0,0,1,1
29700004,7,1610612753,1610612737,353,448,786,938,967,120,246,302,359,673,14,0,0,0.0,0.0,828,842,2,PT10M12.00S,2,PT09M58.00S,0,0,0,0,0.111,0.958,0.111,0.958,1997-10-31,0,0,1,1
29700004,8,1610612753,1610612737,353,358,448,786,938,120,246,302,359,673,74,0,0,0.986,0.0,842,916,2,PT09M58.00S,2,PT08M44.00S,0,0,0,0,0.111,0.958,1.097,0.958,1997-10-31,0,0,1,1
29700004,9,1610612753,1610612737,353,358,448,786,938,87,120,302,359,673,70,0,0,0.0,-1.793,916,986,2,PT08M44.00S,2,PT07M34.00S,0,0,0,0,1.097,0.958,1.097,-0.834,1997-10-31,0,0,1,1
29700004,10,1610612753,1610612737,157,353,358,448,938,87,120,302,673,895,59,0,0,0.0,0.0,986,1045,2,PT07M34.00S,2,PT06M35.00S,0,0,0,0,1.097,-0.834,1.097,-0.834,1997-10-31,0,0,1,1
29700004,11,1610612753,1610612737,157,270,353,358,448,87,120,302,673,895,17,0,0,0.0,0.0,1045,1062,2,PT06M35.00S,2,PT06M18.00S,0,0,0,0,1.097,-0.834,1.097,-0.834,1997-10-31,0,0,1,1
29700004,12,1610612753,1610612737,157,270,353,358,448,120,302,363,673,895,96,0,0,1.0,0.0,1062,1158,2,PT06M18.00S,2,PT04M42.00S,0,0,0,0,1.097,-0.834,2.097,-0.834,1997-10-31,0,0,1,1
29700004,13,1610612753,1610612737,157,270,353,358,448,120,302,359,363,1516,146,-36,-45,-36.0,-46.793,1158,1304,2,PT04M42.00S,2,PT02M16.00S,36,45,0,0,38.097,44.166,2.097,-2.627,1997-10-31,0,0,1,1
29700004,14,1610612753,1610612737,157,270,353,358,448,120,302,359,673,1516,128,0,0,-1.747,0.0,1304,1432,2,PT02M16.00S,2,PT00M07.70S,0,0,0,0,2.097,-2.627,0.35,-2.627,1997-10-31,0,0,1,1
29700004,15,1610612753,1610612737,157,270,353,448,899,120,302,359,673,1516,324,0,0,0.0,0.0,1432,1756,2,PT00M07.70S,3,PT06M44.00S,0,0,0,0,0.35,-2.627,0.35,-2.627,1997-10-31,0,0,1,1
29700004,16,1610612753,1610612737,157,270,353,448,899,120,302,359,363,673,46,1,3,1.96,3.0,2747,2793,4,PT02M13.00S,4,PT01M27.00S,89,94,90,97,89.483,93.538,91.443,96.538,1997-10-31,0,0,1,1
29700005,0,1610612748,1610612761,136,469,702,896,1134,57,440,757,948,1005,140,0,0,-1.551,-1.66,0,140,1,PT12M00.00S,1,PT09M40.00S,0,0,0,0,0.0,0.0,-1.551,-1.66,1997-10-31,0,0,1,1
29700005,1,1610612748,1610612761,136,469,702,896,1134,57,435,757,948,1005,267,18,15,17.561,15.0,140,407,1,PT09M40.00S,1,PT05M13.00S,0,0,18,15,-1.551,-1.66,16.01,13.34,1997-10-31,0,0,1,1
29700005,2,1610612748,1610612761,136,469,702,896,1134,57,435,461,757,1005,25,2,1,2.0,1.0,407,432,1,PT05M13.00S,1,PT04M48.00S,18,15,20,16,16.01,13.34,18.01,14.34,1997-10-31,0,0,1,1
29700005,3,1610612748,1610612761,105,136,702,896,1134,57,435,461,757,1005,26,-20,-16,-18.999,-16.0,432,458,1,PT04M48.00S,1,PT04M22.00S,20,16,0,0,18.01,14.34,-0.989,-1.66,1997-10-31,0,0,1,1
29700005,4,1610612748,1610612761,105,136,702,896,1134,435,461,757,961,1005,98,0,0,-2.287,-3.273,458,556,1,PT04M22.00S,1,PT02M44.00S,0,0,0,0,-0.989,-1.66,-3.276,-4.932,1997-10-31,0,0,1,1
29700005,5,1610612748,1610612761,105,136,173,896,1134,435,461,757,961,1005,133,0,0,0.0,0.0,556,689,1,PT02M44.00S,1,PT00M31.20S,0,0,0,0,-3.276,-4.932,-3.276,-4.932,1997-10-31,0,0,1,1
29700005,6,1610612748,1610612761,105,173,371,896,1134,435,461,961,1005,1503,2,30,26,30.0,26.0,689,691,1,PT00M31.20S,1,PT00M29.00S,0,0,30,26,-3.276,-4.932,26.724,21.068,1997-10-31,0,0,1,1
29700005,7,1610612748,1610612761,105,173,371,469,896,435,461,961,1005,1503,2,1,1,1.0,1.0,691,693,1,PT00M29.00S,1,PT00M27.40S,30,26,31,27,26.724,21.068,27.724,22.068,1997-10-31,0,0,1,1
29700005,8,1610612748,1610612761,105,173,371,896,1110,57,435,461,961,1503,89,-32,-27,-33.635,-27.0,693,782,1,PT00M27.40S,2,PT10M58.00S,32,27,0,0,28.724,22.068,-4.911,-4.932,1997-10-31,0,0,1,1
29700005,9,1610612748,1610612761,105,173,371,785,1110,57,435,948,961,1503,115,-36,-30,-36.0,-28.904,782,897,2,PT10M58.00S,2,PT09M03.00S,36,30,0,0,31.089,25.068,-4.911,-3.836,1997-10-31,0,0,1,1
29700005,10,1610612748,1610612761,105,371,469,785,1110,57,435,948,961,1503,57,0,0,0.0,0.0,897,954,2,PT09M03.00S,2,PT08M06.00S,0,0,0,0,-4.911,-3.836,-4.911,-3.836,1997-10-31,0,0,1,1
29700005,11,1610612748,1610612761,105,371,469,785,1110,57,435,757,948,961,41,0,0,0.0,0.0,954,995,2,PT08M06.00S,2,PT07M25.00S,0,0,0,0,-4.911,-3.836,-4.911,-3.836,1997-10-31,0,0,1,1
29700005,12,1610612748,1610612761,371,469,702,785,1110,57,435,757,948,961,38,0,0,0.0,0.0,995,1033,2,PT07M25.00S,2,PT06M47.00S,0,0,0,0,-4.911,-3.836,-4.911,-3.836,1997-10-31,0,0,1,1
29700005,13,1610612748,1610612761,371,469,702,785,1110,57,435,757,948,961,231,0,0,-0.562,2.206,1033,1264,2,PT06M47.00S,2,PT02M56.00S,0,0,0,0,-4.911,-3.836,-5.473,-1.63,1997-10-31,0,0,1,1
29700005,14,1610612748,1610612761,136,469,702,896,1134,57,435,757,948,961,411,70,59,68.118,59.325,1264,1675,2,PT02M56.00S,3,PT08M05.00S,0,0,70,59,-5.473,-1.63,62.645,57.696,1997-10-31,0,0,1,1
29700005,15,1610612748,1610612761,105,136,371,896,1110,435,461,704,757,961,75,-86,-80,-86.0,-80.0,2230,2305,4,PT10M50.00S,4,PT09M35.00S,86,80,0,0,80.774,77.092,-5.226,-2.908,1997-10-31,0,0,1,1
29700005,16,1610612748,1610612761,105,371,785,896,1110,57,461,757,948,961,94,0,0,-1.635,0.0,2305,2399,4,PT09M35.00S,4,PT08M01.00S,0,0,0,0,-5.226,-2.908,-6.861,-2.908,1997-10-31,0,0,1,1
29700005,17,1610612748,1610612761,105,371,785,896,1110,57,757,948,961,1005,144,0,0,1.001,-1.684,2399,2543,4,PT08M01.00S,4,PT05M37.00S,0,0,0,0,-6.861,-2.908,-5.859,-4.592,1997-10-31,0,0,1,1
29700005,18,1610612748,1610612761,105,371,702,785,1110,57,757,948,961,1005,49,0,0,1.177,0.0,2543,2592,4,PT05M37.00S,4,PT04M48.00S,0,0,0,0,-5.859,-4.592,-4.682,-4.592,1997-10-31,0,0,1,1
29700005,19,1610612748,1610612761,371,469,702,785,1110,57,757,948,961,1005,63,0,0,-0.0,0.0,2592,2655,4,PT04M48.00S,4,PT03M45.00S,0,0,0,0,-4.682,-4.592,-4.682,-4.592,1997-10-31,0,0,1,1
29700005,20,1610612748,1610612761,371,469,702,896,1110,57,757,948,961,1005,99,0,0,-0.562,0.0,2655,2754,4,PT03M45.00S,4,PT02M06.00S,0,0,0,0,-4.682,-4.592,-5.244,-4.592,1997-10-31,0,0,1,1
29700005,21,1610612748,1610612761,371,469,702,896,1110,57,948,961,1005,1503,62,0,0,0.0,-1.684,2754,2816,4,PT02M06.00S,4,PT01M04.00S,0,0,0,0,-5.244,-4.592,-5.244,-6.277,1997-10-31,0,0,1,1
29700005,22,1610612748,1610612761,371,469,702,785,1110,57,948,961,1005,1503,46,0,0,-1.616,0.0,2816,2862,4,PT01M04.00S,4,PT00M18.40S,0,0,0,0,-5.244,-6.277,-6.86,-6.277,1997-10-31,0,0,1,1
29700005,23,1610612748,1610612761,371,469,702,785,1110,57,948,961,1005,1503,18,101,89,101.0,89.0,2862,2880,4,PT00M18.40S,4,PT00M00.00S,0,0,101,89,-6.86,-6.277,94.14,82.723,1997-10-31,0,1,1,1
29700006,0,1610612766,1610612752,124,133,209,779,1108,121,275,369,891,913,276,1,10,1.817,10.0,0,276,1,PT12M00.00S,1,PT07M24.00S,0,0,1,10,0.0,0.0,1.817,10.0,1997-10-31,0,0,1,1
29700006,1,1610612766,1610612752,133,209,462,761,779,164,168,201,317,891,91,2,3,2.0,2.23,714,805,1,PT00M06.10S,2,PT10M35.00S,15,23,17,26,16.938,20.585,18.938,22.815,1997-10-31,0,0,1,1
29700006,2,1610612766,1610612752,133,209,462,761,960,164,168,201,317,891,88,5,5,4.595,5.0,805,893,2,PT10M35.00S,2,PT09M07.00S,17,26,22,31,18.938,22.815,23.533,27.815,1997-10-31,0,0,1,1
29700006,3,1610612766,1610612752,133,209,462,761,960,164,168,201,275,891,23,0,2,0.0,2.0,893,916,2,PT09M07.00S,2,PT08M44.00S,22,31,22,33,23.533,27.815,23.533,29.815,1997-10-31,0,0,1,1
29700006,4,1610612766,1610612752,209,462,761,960,1108,164,168,201,275,891,17,0,0,0.0,0.0,916,933,2,PT08M44.00S,2,PT08M27.00S,22,33,22,33,23.533,29.815,23.533,29.815,1997-10-31,0,0,1,1
29700006,5,1610612766,1610612752,209,462,761,960,1108,164,201,275,891,913,22,2,0,2.0,0.0,933,955,2,PT08M27.00S,2,PT08M05.00S,22,33,24,33,23.533,29.815,25.533,29.815,1997-10-31,0,0,1,1
29700006,6,1610612766,1610612752,193,209,462,761,960,121,164,275,891,913,80,2,0,2.0,0.0,955,1035,2,PT08M05.00S,2,PT06M45.00S,24,33,26,33,25.533,29.815,27.533,29.815,1997-10-31,0,0,1,1
29700006,7,1610612766,1610612752,124,193,209,761,960,121,164,275,891,913,29,1,2,1.0,2.0,1035,1064,2,PT06M45.00S,2,PT06M16.00S,26,33,27,35,27.533,29.815,28.533,31.815,1997-10-31,0,0,1,1
29700006,8,1610612766,1610612752,124,193,209,761,960,121,164,275,891,913,92,3,3,4.077,1.267,1064,1156,2,PT06M16.00S,2,PT04M44.00S,27,35,30,38,28.533,31.815,32.61,33.082,1997-10-31,0,0,1,1
29700006,9,1610612766,1610612752,124,133,193,209,761,121,164,275,891,913,9,0,2,0.0,2.0,1156,1165,2,PT04M44.00S,2,PT04M35.00S,30,38,30,40,32.61,33.082,32.61,35.082,1997-10-31,0,0,1,1
29700006,10,1610612766,1610612752,124,133,193,761,779,121,164,275,891,913,63,2,0,2.0,0.0,1165,1228,2,PT04M35.00S,2,PT03M32.00S,30,40,32,40,32.61,35.082,34.61,35.082,1997-10-31,0,0,1,1
29700006,11,1610612766,1610612752,124,133,193,462,779,121,275,369,891,913,45,0,2,0.0,2.0,1228,1273,2,PT03M32.00S,2,PT02M47.00S,32,40,32,42,34.61,35.082,34.61,37.082,1997-10-31,0,0,1,1
29700006,12,1610612766,1610612752,124,133,193,462,779,121,317,369,891,913,113,4,4,4.0,4.0,1273,1386,2,PT02M47.00S,2,PT00M54.40S,32,42,36,46,34.61,37.082,38.61,41.082,1997-10-31,0,0,1,1
29700006,13,1610612766,1610612752,124,133,193,462,779,168,201,317,369,891,51,2,0,2.0,0.963,1386,1437,2,PT00M54.40S,2,PT00M02.70S,36,46,38,46,38.61,41.082,40.61,42.044,1997-10-31,0,0,1,1
29700006,14,1610612766,1610612752,124,133,193,462,779,121,168,317,369,891,297,10,12,10.82,10.315,1437,1734,2,PT00M02.70S,3,PT07M06.00S,38,46,48,58,40.61,42.044,51.43,52.36,1997-10-31,0,0,1,1
29700006,15,1610612766,1610612752,133,193,462,761,779,121,168,317,369,891,63,1,0,1.0,0.0,1734,1797,3,PT07M06.00S,3,PT06M03.00S,48,58,49,58,51.43,52.36,52.43,52.36,1997-10-31,0,0,1,1
29700006,16,1610612766,1610612752,133,193,462,761,779,121,168,317,369,891,153,5,4,3.093,5.937,1797,1950,3,PT06M03.00S,3,PT03M30.00S,49,58,54,62,52.43,52.36,55.523,58.297,1997-10-31,0,0,1,1
29700006,17,1610612766,1610612752,133,462,761,779,960,164,168,201,317,433,31,0,2,0.0,2.0,2128,2159,3,PT00M31.50S,3,PT00M00.60S,62,68,62,70,61.74,65.26,61.74,67.26,1997-10-31,0,0,1,1
29700006,18,1610612766,1610612752,133,462,761,960,1108,164,168,201,317,433,122,3,2,3.0,2.0,2159,2281,3,PT00M00.60S,4,PT09M59.00S,62,70,65,72,61.74,67.26,64.74,69.26,1997-10-31,0,0,1,1
29700006,19,1610612766,1610612752,133,193,761,779,960,121,275,317,369,913,57,4,9,5.077,9.0,2823,2880,4,PT00M57.00S,4,PT00M00.00S,81,88,85,97,82.953,84.766,88.03,93.766,1997-10-31,0,0,1,1
29700007,0,1610612765,1610612764,3,183,247,255,283,31,185,384,393,436,427,0,0,-5.258,1.163,0,427,1,PT12M00.00S,1,PT04M53.00S,0,0,0,0,0.0,0.0,-5.258,1.163,1997-10-31,0,0,1,1
29700007,1,1610612765,1610612764,3,183,247,255,283,185,265,384,393,436,42,0,0,0.0,0.0,427,469,1,PT04M53.00S,1,PT04M11.00S,0,0,0,0,-5.258,1.163,-5.258,1.163,1997-10-31,0,0,1,1
29700007,2,1610612765,1610612764,3,183,247,255,283,43,185,265,393,436,7,0,0,0.0,0.0,469,476,1,PT04M11.00S,1,PT04M04.00S,0,0,0,0,-5.258,1.163,-5.258,1.163,1997-10-31,0,0,1,1
29700007,3,1610612765,1610612764,183,247,255,283,689,43,145,185,265,436,69,0,0,0.0,0.0,476,545,1,PT04M04.00S,1,PT02M55.00S,0,0,0,0,-5.258,1.163,-5.258,1.163,1997-10-31,0,0,1,1
29700007,4,1610612765,1610612764,3,243,255,689,907,43,145,185,265,436,82,21,18,21.0,18.0,545,627,1,PT02M55.00S,1,PT01M33.00S,0,0,21,18,-5.258,1.163,15.742,19.163,1997-10-31,0,0,1,1
29700007,5,1610612765,1610612764,3,243,255,689,907,31,43,145,265,436,86,-21,-18,-21.0,-18.578,627,713,1,PT01M33.00S,1,PT00M07.10S,21,18,0,0,15.742,19.163,-5.258,0.585,1997-10-31,0,0,1,1
29700007,6,1610612765,1610612764,3,243,247,255,907,43,145,265,436,1032,7,24,21,24.0,21.0,713,720,1,PT00M07.10S,1,PT00M00.00S,0,0,24,21,-5.258,0.585,18.742,21.585,1997-10-31,0,0,1,1
29700007,7,1610612765,1610612764,243,247,255,283,907,43,145,265,436,1032,58,-24,-21,-25.8,-21.0,720,778,1,PT00M00.00S,2,PT11M02.00S,24,21,0,0,18.742,21.585,-7.058,0.585,1997-10-31,0,0,1,1
29700007,8,1610612765,1610612764,3,243,255,689,907,43,145,265,1032,1429,44,0,0,0.0,0.0,1718,1762,3,PT07M22.00S,3,PT06M38.00S,0,0,0,0,-7.058,1.17,-7.058,1.17,1997-10-31,0,0,1,1
29700007,9,1610612765,1610612764,3,243,255,689,907,43,145,265,1032,1429,238,0,0,-1.663,-0.37,1762,2000,3,PT06M38.00S,3,PT02M40.00S,0,0,0,0,-7.058,1.17,-8.722,0.799,1997-10-31,0,0,1,1
29700007,10,1610612765,1610612764,183,243,689,907,966,43,145,265,1032,1429,10,0,0,0.0,0.0,2090,2100,3,PT01M10.00S,3,PT01M00.00S,0,0,0,0,-8.722,0.799,-8.722,0.799,1997-10-31,0,0,1,1
29700007,11,1610612765,1610612764,183,243,689,907,966,43,145,265,1032,1429,38,0,0,0.0,0.0,2100,2138,3,PT01M00.00S,3,PT00M21.80S,0,0,0,0,-8.722,0.799,-8.722,0.799,1997-10-31,0,0,1,1
29700007,12,1610612765,1610612764,183,243,689,907,966,43,145,265,1032,1429,55,0,0,0.0,-1.533,2138,2193,3,PT00M21.80S,4,PT11M27.00S,0,0,0,0,-8.722,0.799,-8.722,-0.734,1997-10-31,0,0,1,1
29700007,13,1610612765,1610612764,183,243,283,689,907,43,145,265,384,1032,146,0,0,1.043,2.075,2193,2339,4,PT11M27.00S,4,PT09M01.00S,0,0,0,0,-8.722,-0.734,-7.678,1.341,1997-10-31,0,0,1,1
29700007,14,1610612765,1610612764,183,243,283,689,907,145,265,384,393,436,26,0,0,0.0,1.163,2339,2365,4,PT09M01.00S,4,PT08M35.00S,0,0,0,0,-7.678,1.341,-7.678,2.504,1997-10-31,0,0,1,1
29700007,15,1610612765,1610612764,3,243,283,689,907,265,384,393,436,1429,44,-78,-64,-78.0,-63.075,2365,2409,4,PT08M35.00S,4,PT07M51.00S,78,64,0,0,70.322,66.504,-7.678,3.429,1997-10-31,0,0,1,1
29700007,16,1610612765,1610612764,3,243,283,689,907,265,393,436,1032,1429,119,0,0,-2.233,0.0,2409,2528,4,PT07M51.00S,4,PT05M52.00S,0,0,0,0,-7.678,3.429,-9.911,3.429,1997-10-31,0,0,1,1
29700007,17,1610612765,1610612764,3,183,243,283,907,265,1032,1112,1429,1539,26,-90,-74,-90.0,-74.0,2690,2716,4,PT03M10.00S,4,PT02M44.00S,90,74,0,0,80.089,76.688,-9.911,2.688,1997-10-31,0,0,1,1
29700007,18,1610612765,1610612764,3,183,243,283,907,145,1032,1112,1429,1539,8,0,0,0.0,0.0,2716,2724,4,PT02M44.00S,4,PT02M36.00S,0,0,0,0,-9.911,2.688,-9.911,2.688,1997-10-31,0,0,1,1
29700007,19,1610612765,1610612764,3,243,283,907,966,145,1032,1112,1429,1539,79,0,0,1.036,0.0,2724,2803,4,PT02M36.00S,4,PT01M17.00S,0,0,0,0,-9.911,2.688,-8.875,2.688,1997-10-31,0,0,1,1
29700007,20,1610612765,1610612764,283,3,243,907,966,145,1032,1112,1429,1539,55,0,0,0.0,0.0,2803,2858,4,PT01M17.00S,4,PT00M22.50S,0,0,0,0,-8.875,2.688,-8.875,2.688,1997-10-31,1,0,1,1
29700008,0,1610612750,1610612744,339,685,708,713,950,84,693,902,923,956,475,0,0,-3.446,2.183,0,475,1,PT12M00.00S,1,PT04M05.00S,0,0,0,0,0.0,0.0,-3.446,2.183,1997-10-31,0,0,1,1
29700008,1,1610612750,1610612744,339,345,685,708,950,84,280,902,923,1502,97,0,0,1.017,0.0,475,572,1,PT04M05.00S,1,PT02M28.00S,0,0,0,0,-3.446,2.183,-2.429,2.183,1997-10-31,0,0,1,1
29700008,2,1610612750,1610612744,339,345,708,914,950,84,280,902,923,1502,61,28,21,28.0,21.0,572,633,1,PT02M28.00S,1,PT01M27.00S,0,0,28,21,-2.429,2.183,25.571,23.183,1997-10-31,0,0,1,1
29700008,3,1610612750,1610612744,339,345,708,914,950,84,280,769,923,1502,27,-28,-21,-28.0,-21.0,633,660,1,PT01M27.00S,1,PT00M59.50S,28,21,0,0,25.571,23.183,-2.429,2.183,1997-10-31,0,0,1,1
29700008,4,1610612750,1610612744,339,345,417,914,950,84,273,769,956,1502,178,37,31,35.182,33.007,660,838,1,PT00M59.50S,2,PT10M02.00S,0,0,37,31,-2.429,2.183,32.753,35.19,1997-10-31,0,0,1,1
29700008,5,1610612750,1610612744,345,417,674,685,708,84,273,769,956,1502,76,-37,-31,-37.0,-29.768,838,914,2,PT10M02.00S,2,PT08M46.00S,37,31,0,0,32.753,35.19,-4.247,5.421,1997-10-31,0,0,1,1
29700008,6,1610612750,1610612744,345,417,674,685,708,84,769,923,956,1502,64,0,0,0.0,-1.839,914,978,2,PT08M46.00S,2,PT07M42.00S,0,0,0,0,-4.247,5.421,-4.247,3.583,1997-10-31,0,0,1,1
29700008,7,1610612750,1610612744,345,417,674,685,708,84,902,923,956,1502,71,0,0,0.0,1.031,978,1049,2,PT07M42.00S,2,PT06M31.00S,0,0,0,0,-4.247,3.583,-4.247,4.614,1997-10-31,0,0,1,1
29700008,8,1610612750,1610612744,345,417,685,708,713,84,902,923,956,1502,40,0,0,-1.601,0.0,1049,1089,2,PT06M31.00S,2,PT05M51.00S,0,0,0,0,-4.247,4.614,-5.848,4.614,1997-10-31,0,0,1,1
29700008,9,1610612750,1610612744,345,417,685,708,713,84,280,902,923,1502,151,0,0,-1.601,-3.515,1089,1240,2,PT05M51.00S,2,PT03M20.00S,0,0,0,0,-5.848,4.614,-7.448,1.099,1997-10-31,0,0,1,1
29700008,10,1610612750,1610612744,339,685,708,713,950,84,280,693,902,923,35,61,44,61.0,44.0,1240,1275,2,PT03M20.00S,2,PT02M45.00S,0,0,61,44,-7.448,1.099,53.552,45.099,1997-10-31,0,0,1,1
29700008,11,1610612750,1610612744,339,685,708,713,950,84,693,902,923,957,467,-61,-44,-62.52,-44.0,1275,1742,2,PT02M45.00S,3,PT06M58.00S,61,44,0,0,53.552,45.099,-8.969,1.099,1997-10-31,0,0,1,1
29700008,12,1610612750,1610612744,339,685,708,713,950,84,273,693,902,957,30,83,69,83.0,69.0,1742,1772,3,PT06M58.00S,3,PT06M28.00S,0,0,83,69,-8.969,1.099,74.031,70.099,1997-10-31,0,0,1,1
29700008,13,1610612750,1610612744,339,685,708,713,950,84,273,902,957,1502,4,-83,-69,-83.0,-69.0,1772,1776,3,PT06M28.00S,3,PT06M24.00S,83,69,0,0,74.031,70.099,-8.969,1.099,1997-10-31,0,0,1,1
29700008,14,1610612750,1610612744,339,345,685,708,950,54,693,769,957,1063,58,0,0,0.0,1.232,2026,2084,3,PT02M14.00S,3,PT01M16.00S,0,0,0,0,-9.624,-2.253,-9.624,-1.021,1997-10-31,0,0,1,1
29700008,15,1610612750,1610612744,339,345,674,685,708,54,693,769,957,1063,93,0,0,0.0,1.163,2084,2177,3,PT01M16.00S,4,PT11M43.00S,0,0,0,0,-9.624,-1.021,-9.624,0.142,1997-10-31,0,0,1,1
29700008,16,1610612750,1610612744,339,345,674,685,708,54,693,769,956,1063,47,0,0,0.0,0.0,2177,2224,4,PT11M43.00S,4,PT10M56.00S,0,0,0,0,-9.624,0.142,-9.624,0.142,1997-10-31,0,0,1,1
29700008,17,1610612750,1610612744,339,345,674,708,914,54,693,769,956,1063,72,0,0,0.0,0.0,2224,2296,4,PT10M56.00S,4,PT09M44.00S,0,0,0,0,-9.624,0.142,-9.624,0.142,1997-10-31,0,0,1,1
29700008,18,1610612750,1610612744,339,345,708,713,914,693,769,923,956,1063,89,-106,-91,-106.0,-91.0,2296,2385,4,PT09M44.00S,4,PT08M15.00S,106,91,0,0,96.376,91.142,-9.624,0.142,1997-10-31,0,0,1,1
29700008,19,1610612750,1610612744,339,345,685,708,713,693,902,923,956,1063,111,0,0,0.0,-1.676,2516,2627,4,PT06M04.00S,4,PT04M13.00S,0,0,0,0,-9.624,1.294,-9.624,-0.381,1997-10-31,0,0,1,1
29700008,20,1610612750,1610612744,339,345,685,708,713,280,902,923,1063,1502,173,0,0,-1.824,1.152,2627,2800,4,PT04M13.00S,4,PT01M20.00S,0,0,0,0,-9.624,-0.381,-11.449,0.771,1997-10-31,0,0,1,1
29700008,21,1610612750,1610612744,345,417,685,914,1545,280,693,902,923,1063,40,0,0,0.0,0.0,2800,2840,4,PT01M20.00S,4,PT00M40.10S,0,0,0,0,-11.449,0.771,-11.449,0.771,1997-10-31,0,0,1,1
29700008,22,1610612750,1610612744,345,417,685,914,1545,693,902,923,957,1063,26,129,111,129.0,111.0,2840,2866,4,PT00M40.10S,4,PT00M13.60S,0,0,129,111,-11.449,0.771,117.551,111.771,1997-10-31,0,0,1,1
29700008,23,1610612750,1610612744,345,417,685,914,1545,693,902,923,957,1063,14,0,2,0.0,2.0,2866,2880,4,PT00M13.60S,4,PT00M00.00S,129,111,129,113,117.551,111.771,117.551,113.771,1997-10-31,0,0,1,1
29700009,0,1610612745,1610612739,17,53,165,788,1074,198,445,682,980,1507,243,0,0,1.937,1.967,0,243,1,PT12M00.00S,1,PT07M57.00S,0,0,0,0,0.0,0.0,1.937,1.967,1997-10-31,0,0,1,1
29700009,1,1610612745,1610612739,17,53,165,788,1074,198,348,445,682,980,235,0,0,0.0,-0.0,243,478,1,PT07M57.00S,1,PT04M02.00S,0,0,0,0,1.937,1.967,1.937,1.967,1997-10-31,0,0,1,1
29700009,2,1610612745,1610612739,17,53,165,788,1074,198,348,445,1035,1510,16,0,0,0.0,0.0,478,494,1,PT04M02.00S,1,PT03M46.00S,0,0,0,0,1.937,1.967,1.937,1.967,1997-10-31,0,0,1,1
29700009,3,1610612745,1610612739,17,787,788,1074,1518,198,348,445,1035,1510,44,0,0,-1.678,1.183,494,538,1,PT03M46.00S,1,PT03M02.00S,0,0,0,0,1.937,1.967,0.259,3.15,1997-10-31,0,0,1,1
29700009,4,1610612745,1610612739,17,787,788,1074,1518,348,445,1035,1510,1538,39,0,0,0.0,0.0,538,577,1,PT03M02.00S,1,PT02M23.00S,0,0,0,0,0.259,3.15,0.259,3.15,1997-10-31,0,0,1,1
29700009,5,1610612745,1610612739,17,85,672,787,1518,348,445,1035,1510,1538,70,23,11,24.086,11.0,577,647,1,PT02M23.00S,1,PT01M13.00S,0,0,23,11,0.259,3.15,24.344,14.15,1997-10-31,0,0,1,1
29700009,6,1610612745,1610612739,17,85,672,787,1518,348,445,980,1510,1538,182,-23,-11,-23.668,-9.817,647,829,1,PT01M13.00S,2,PT10M11.00S,23,11,0,0,24.344,14.15,0.677,4.333,1997-10-31,0,0,1,1
29700009,7,1610612745,1610612739,17,85,672,787,1518,348,445,682,980,1538,32,0,0,-1.621,0.0,829,861,2,PT10M11.00S,2,PT09M39.00S,0,0,0,0,0.677,4.333,-0.945,4.333,1997-10-31,0,0,1,1
29700009,8,1610612745,1610612739,17,85,672,787,1518,445,682,980,1507,1538,25,0,0,0.0,0.0,861,886,2,PT09M39.00S,2,PT09M14.00S,0,0,0,0,-0.945,4.333,-0.945,4.333,1997-10-31,0,0,1,1
29700009,9,1610612745,1610612739,17,53,787,788,1074,348,445,1035,1510,1538,94,0,0,0.0,0.0,1891,1985,3,PT04M29.00S,3,PT02M55.00S,0,0,0,0,1.381,9.918,1.381,9.918,1997-10-31,0,0,1,1
29700009,10,1610612745,1610612739,17,53,787,788,1074,198,348,682,1035,1510,192,0,0,1.044,0.983,2064,2256,3,PT01M36.00S,4,PT10M24.00S,0,0,0,0,2.411,9.918,3.454,10.902,1997-10-31,0,0,1,1
29700009,11,1610612745,1610612739,17,698,787,788,1074,198,348,682,1035,1510,21,0,0,0.0,0.0,2256,2277,4,PT10M24.00S,4,PT10M03.00S,0,0,0,0,3.454,10.902,3.454,10.902,1997-10-31,0,0,1,1
29700009,12,1610612745,1610612739,17,698,787,788,1074,198,348,682,980,1510,279,0,0,1.075,0.983,2277,2556,4,PT10M03.00S,4,PT05M24.00S,0,0,0,0,3.454,10.902,4.529,11.885,1997-10-31,0,0,1,1
29700010,0,1610612743,1610612759,179,677,1051,1499,1517,219,251,422,764,1495,297,0,0,0.975,0.0,0,297,1,PT12M00.00S,1,PT07M03.00S,0,0,0,0,0.0,0.0,0.975,0.0,1997-10-31,0,0,1,1
29700010,1,1610612743,1610612759,179,677,1051,1504,1517,219,251,422,764,1495,21,0,0,0.0,0.0,297,318,1,PT07M03.00S,1,PT06M42.00S,0,0,0,0,0.975,0.0,0.975,0.0,1997-10-31,0,0,1,1
29700010,2,1610612743,1610612759,179,677,968,1504,1517,219,251,422,764,1495,78,0,0,0.0,0.0,318,396,1,PT06M42.00S,1,PT05M24.00S,0,0,0,0,0.975,0.0,0.975,0.0,1997-10-31,0,0,1,1
29700010,3,1610612743,1610612759,271,677,968,1504,1517,219,251,422,764,1495,55,0,0,0.0,0.0,396,451,1,PT05M24.00S,1,PT04M29.00S,0,0,0,0,0.975,0.0,0.975,0.0,1997-10-31,0,0,1,1
29700010,4,1610612743,1610612759,271,677,968,1504,1517,42,219,422,781,1495,71,0,0,0.0,0.0,451,522,1,PT04M29.00S,1,PT03M18.00S,0,0,0,0,0.975,0.0,0.975,0.0,1997-10-31,0,0,1,1
29700010,5,1610612743,1610612759,271,677,924,968,1504,42,219,422,781,1495,53,0,0,-1.716,0.0,522,575,1,PT03M18.00S,1,PT02M25.00S,0,0,0,0,0.975,0.0,-0.741,0.0,1997-10-31,0,0,1,1
29700010,6,1610612743,1610612759,271,677,924,1499,1504,42,219,422,781,1495,25,24,15,24.0,15.0,575,600,1,PT02M25.00S,1,PT02M00.00S,0,0,24,15,-0.741,0.0,23.259,15.0,1997-10-31,0,0,1,1
29700010,7,1610612743,1610612759,179,271,924,1499,1504,42,61,219,422,781,56,-24,-15,-24.0,-15.0,600,656,1,PT02M00.00S,1,PT01M04.00S,24,15,0,0,23.259,15.0,-0.741,0.0,1997-10-31,0,0,1,1
29700010,8,1610612743,1610612759,179,271,341,924,1499,42,61,251,422,781,226,0,0,2.116,0.0,656,882,1,PT01M04.00S,2,PT09M18.00S,0,0,0,0,-0.741,0.0,1.374,0.0,1997-10-31,0,0,1,1
29700010,9,1610612743,1610612759,179,271,341,1499,1517,42,61,251,422,764,44,0,0,0.0,0.0,882,926,2,PT09M18.00S,2,PT08M34.00S,0,0,0,0,1.374,0.0,1.374,0.0,1997-10-31,0,0,1,1
29700010,10,1610612743,1610612759,179,271,341,1504,1517,42,61,251,422,764,57,0,0,0.0,0.0,926,983,2,PT08M34.00S,2,PT07M37.00S,0,0,0,0,1.374,0.0,1.374,0.0,1997-10-31,0,0,1,1
29700010,11,1610612743,1610612759,179,677,968,1504,1517,42,251,422,764,1495,39,0,0,0.0,0.0,983,1022,2,PT07M37.00S,2,PT06M58.00S,0,0,0,0,1.374,0.0,1.374,0.0,1997-10-31,0,0,1,1
29700010,12,1610612743,1610612759,179,677,1051,1504,1517,42,251,422,764,1495,68,0,0,0.0,0.0,1022,1090,2,PT06M58.00S,2,PT05M50.00S,0,0,0,0,1.374,0.0,1.374,0.0,1997-10-31,0,0,1,1
29700010,13,1610612743,1610612759,179,341,677,1051,1517,42,251,422,764,1495,48,0,0,0.0,0.0,1090,1138,2,PT05M50.00S,2,PT05M02.00S,0,0,0,0,1.374,0.0,1.374,0.0,1997-10-31,0,0,1,1
29700010,14,1610612743,1610612759,179,341,677,1051,1517,42,219,422,764,1495,1,0,0,0.0,0.0,1138,1139,2,PT05M02.00S,2,PT05M01.00S,0,0,0,0,1.374,0.0,1.374,0.0,1997-10-31,0,0,1,1
29700010,15,1610612743,1610612759,179,341,677,1051,1517,219,422,764,990,1495,66,0,0,0.0,0.0,1139,1205,2,PT05M01.00S,2,PT03M55.00S,0,0,0,0,1.374,0.0,1.374,0.0,1997-10-31,0,0,1,1
29700010,16,1610612743,1610612759,179,341,677,1051,1517,219,422,764,990,1495,39,39,35,39.0,35.0,1205,1244,2,PT03M55.00S,2,PT03M16.00S,0,0,39,35,1.374,0.0,40.374,35.0,1997-10-31,0,0,1,1
29700010,17,1610612743,1610612759,271,677,1051,1499,1517,219,422,764,990,1495,49,-39,-35,-39.0,-35.0,1244,1293,2,PT03M16.00S,2,PT02M27.00S,39,35,0,0,40.374,35.0,1.374,0.0,1997-10-31,0,0,1,1
29700010,18,1610612743,1610612759,271,677,1051,1499,1517,42,251,422,990,1495,25,0,0,0.0,0.0,1293,1318,2,PT02M27.00S,2,PT02M02.00S,0,0,0,0,1.374,0.0,1.374,0.0,1997-10-31,0,0,1,1
29700010,19,1610612743,1610612759,271,677,1499,1504,1517,42,251,422,990,1495,122,0,0,0.0,1.056,1318,1440,2,PT02M02.00S,2,PT00M00.30S,0,0,0,0,1.374,0.0,1.374,1.056,1997-10-31,0,0,1,1
29700010,20,1610612743,1610612759,271,968,1499,1504,1517,42,251,422,990,1495,192,0,0,-1.738,1.14,1440,1632,2,PT00M00.30S,3,PT08M48.00S,0,0,0,0,1.374,1.056,-0.364,2.196,1997-10-31,0,0,1,1
29700010,21,1610612743,1610612759,271,968,1499,1504,1517,42,251,422,990,1495,118,0,0,0.0,0.0,1632,1750,3,PT08M48.00S,3,PT06M50.00S,0,0,0,0,-0.364,2.196,-0.364,2.196,1997-10-31,0,0,1,1
29700010,22,1610612743,1610612759,271,968,1499,1504,1517,42,422,990,1114,1495,25,0,0,0.0,0.0,1750,1775,3,PT06M50.00S,3,PT06M25.00S,0,0,0,0,-0.364,2.196,-0.364,2.196,1997-10-31,0,0,1,1
29700011,0,1610612756,1610612746,134,361,364,467,686,239,699,915,919,1037,276,0,0,-3.439,-0.441,0,276,1,PT12M00.00S,1,PT07M24.00S,0,0,0,0,0.0,0.0,-3.439,-0.441,1997-10-31,0,0,1,1
29700011,1,1610612756,1610612746,134,330,361,364,467,239,699,915,919,1037,247,0,0,0.898,-3.112,276,523,1,PT07M24.00S,1,PT03M17.00S,0,0,0,0,-3.439,-0.441,-2.541,-3.554,1997-10-31,0,0,1,1
29700011,2,1610612756,1610612746,73,134,330,467,959,239,699,915,919,1037,10,0,0,0.0,0.0,523,533,1,PT03M17.00S,1,PT03M07.00S,0,0,0,0,-2.541,-3.554,-2.541,-3.554,1997-10-31,0,0,1,1
29700011,3,1610612756,1610612746,73,134,330,467,959,239,441,699,919,1037,127,0,0,0.0,-1.556,533,660,1,PT03M07.00S,1,PT01M00.00S,0,0,0,0,-2.541,-3.554,-2.541,-5.11,1997-10-31,0,0,1,1
29700011,4,1610612756,1610612746,73,134,330,467,959,71,381,441,919,953,196,0,0,-1.461,0.849,660,856,1,PT01M00.00S,2,PT09M44.00S,0,0,0,0,-2.541,-5.11,-4.002,-4.261,1997-10-31,0,0,1,1
29700011,5,1610612756,1610612746,73,134,330,364,959,71,381,441,919,953,108,0,0,-0.0,1.168,856,964,2,PT09M44.00S,2,PT07M56.00S,0,0,0,0,-4.002,-4.261,-4.002,-3.093,1997-10-31,0,0,1,1
29700011,6,1610612756,1610612746,134,330,361,364,467,239,381,699,953,1037,60,0,0,0.0,0.0,1376,1436,2,PT01M04.00S,2,PT00M03.60S,0,0,0,0,-5.811,-0.675,-5.811,-0.675,1997-10-31,0,0,1,1
29700011,7,1610612756,1610612746,134,330,361,467,959,239,381,699,953,1037,1,63,58,63.0,58.0,1436,1437,2,PT00M03.60S,2,PT00M02.80S,0,0,63,58,-5.811,-0.675,57.189,57.325,1997-10-31,0,0,1,1
29700011,8,1610612756,1610612746,134,330,361,467,959,239,381,699,953,1508,290,-63,-58,-63.0,-57.566,1437,1727,2,PT00M02.80S,3,PT07M13.00S,63,58,0,0,57.189,57.325,-5.811,-0.241,1997-10-31,0,0,1,1
29700012,0,1610612747,1610612762,89,109,224,296,399,204,252,458,731,935,169,0,0,1.034,-0.526,0,169,1,PT12M00.00S,1,PT09M11.00S,0,0,0,0,0.0,0.0,1.034,-0.526,1997-10-31,0,0,1,1
29700012,1,1610612747,1610612762,89,109,224,399,977,204,252,458,731,935,166,0,0,-0.0,0.0,169,335,1,PT09M11.00S,1,PT06M25.00S,0,0,0,0,1.034,-0.526,1.034,-0.526,1997-10-31,0,0,1,1
29700012,2,1610612747,1610612762,89,109,224,399,977,204,252,458,731,1000,35,6,11,6.0,11.0,335,370,1,PT06M25.00S,1,PT05M50.00S,0,0,6,11,1.034,-0.526,7.034,10.474,1997-10-31,0,0,1,1
29700012,3,1610612747,1610612762,89,109,224,399,977,204,252,731,1000,1521,179,-6,-11,-6.401,-11.0,370,549,1,PT05M50.00S,1,PT02M51.00S,6,11,0,0,7.034,10.474,0.633,-0.526,1997-10-31,0,0,1,1
29700012,4,1610612747,1610612762,224,399,916,965,977,204,252,731,1000,1521,43,0,0,0.0,0.0,549,592,1,PT02M51.00S,1,PT02M08.00S,0,0,0,0,0.633,-0.526,0.633,-0.526,1997-10-31,0,0,1,1
29700012,5,1610612747,1610612762,399,468,916,965,977,204,252,731,1000,1521,25,0,0,0.0,0.0,592,617,1,PT02M08.00S,1,PT01M43.00S,0,0,0,0,0.633,-0.526,0.633,-0.526,1997-10-31,0,0,1,1
29700012,6,1610612747,1610612762,399,468,916,965,977,204,228,252,1000,1521,80,16,26,16.0,26.0,617,697,1,PT01M43.00S,1,PT00M22.80S,0,0,16,26,0.633,-0.526,16.633,25.474,1997-10-31,0,0,1,1
29700012,7,1610612747,1610612762,109,468,916,965,977,204,228,252,1000,1521,141,-16,-26,-16.627,-27.74,697,838,1,PT00M22.80S,2,PT10M02.00S,16,26,0,0,16.633,25.474,0.005,-2.267,1997-10-31,0,0,1,1
29700012,8,1610612747,1610612762,109,224,916,965,977,204,228,252,1000,1521,62,0,0,1.083,0.0,838,900,2,PT10M02.00S,2,PT09M00.00S,0,0,0,0,0.005,-2.267,1.088,-2.267,1997-10-31,0,0,1,1
29700012,9,1610612747,1610612762,109,224,916,965,977,204,252,323,1000,1521,6,0,0,0.0,0.0,900,906,2,PT09M00.00S,2,PT08M54.00S,0,0,0,0,1.088,-2.267,1.088,-2.267,1997-10-31,0,0,1,1
29700012,10,1610612747,1610612762,89,109,399,468,977,204,252,323,356,1521,215,52,46,49.187,46.0,1381,1596,2,PT00M59.00S,3,PT09M24.00S,0,0,52,46,-2.904,-1.312,46.283,44.688,1997-10-31,0,0,1,1
29700012,11,1610612747,1610612762,89,109,399,468,977,252,323,356,1000,1521,107,-52,-46,-52.0,-46.0,1596,1703,3,PT09M24.00S,3,PT07M37.00S,52,46,0,0,46.283,44.688,-5.717,-1.312,1997-10-31,0,0,1,1
29700012,12,1610612747,1610612762,89,109,399,468,977,252,323,356,1000,1521,211,0,0,0.307,0.0,1703,1914,3,PT07M37.00S,3,PT04M06.00S,0,0,0,0,-5.717,-1.312,-5.41,-1.312,1997-10-31,0,0,1,1
29700012,13,1610612747,1610612762,89,109,399,468,977,252,323,356,1000,1521,15,0,0,0.0,0.0,1914,1929,3,PT04M06.00S,3,PT03M51.00S,0,0,0,0,-5.41,-1.312,-5.41,-1.312,1997-10-31,0,0,1,1
29700012,14,1610612747,1610612762,109,224,468,916,977,323,356,1000,1521,1607,104,4,6,6.248,6.885,2776,2880,4,PT01M44.00S,4,PT00M00.00S,100,81,104,87,93.188,80.237,99.435,87.122,1997-10-31,0,0,1,1
29700013,0,1610612757,1610612760,180,258,278,717,739,56,96,452,765,1425,340,0,0,2.058,0.998,0,340,1,PT12M00.00S,1,PT06M20.00S,0,0,0,0,0.0,0.0,2.058,0.998,1997-10-31,0,0,1,1
29700013,1,1610612757,1610612760,180,258,278,739,1509,56,96,452,765,1425,161,0,0,1.082,2.17,340,501,1,PT06M20.00S,1,PT03M39.00S,0,0,0,0,2.058,0.998,3.14,3.167,1997-10-31,0,0,1,1
29700013,2,1610612757,1610612760,180,258,278,739,1509,56,64,96,452,765,46,0,0,0.0,0.0,501,547,1,PT03M39.00S,1,PT02M53.00S,0,0,0,0,3.14,3.167,3.14,3.167,1997-10-31,0,0,1,1
29700013,3,1610612757,1610612760,72,278,739,925,1509,56,64,107,452,760,117,0,0,0.0,-1.486,547,664,1,PT02M53.00S,1,PT00M56.40S,0,0,0,0,3.14,3.167,3.14,1.681,1997-10-31,0,0,1,1
29700013,4,1610612757,1610612760,72,258,278,925,1509,56,64,107,452,760,49,20,23,20.0,23.0,664,713,1,PT00M56.40S,1,PT00M06.70S,0,0,20,23,3.14,1.681,23.14,24.681,1997-10-31,0,0,1,1
29700013,5,1610612757,1610612760,72,258,278,925,1509,21,64,107,452,760,76,-20,-23,-18.063,-23.0,713,789,1,PT00M06.70S,2,PT10M51.00S,20,23,0,0,23.14,24.681,5.077,1.681,1997-10-31,0,0,1,1
29700013,6,1610612757,1610612760,72,258,278,717,925,21,64,107,452,760,73,0,0,0.0,0.0,789,862,2,PT10M51.00S,2,PT09M38.00S,0,0,0,0,5.077,1.681,5.077,1.681,1997-10-31,0,0,1,1
29700013,7,1610612757,1610612760,72,258,278,717,925,21,64,96,107,760,35,0,0,0.0,0.0,862,897,2,PT09M38.00S,2,PT09M03.00S,0,0,0,0,5.077,1.681,5.077,1.681,1997-10-31,0,0,1,1
29700013,8,1610612757,1610612760,180,258,278,717,739,21,64,96,107,760,50,0,0,0.0,0.0,981,1031,2,PT07M39.00S,2,PT06M49.00S,0,0,0,0,5.077,1.681,5.077,1.681,1997-10-31,0,0,1,1
29700013,9,1610612757,1610612760,180,258,278,717,739,56,64,96,107,760,94,0,0,0.0,-1.486,1031,1125,2,PT06M49.00S,2,PT05M15.00S,0,0,0,0,5.077,1.681,5.077,0.195,1997-10-31,0,0,1,1
29700013,10,1610612757,1610612760,180,258,278,739,925,56,96,107,452,760,79,0,0,0.0,0.0,1125,1204,2,PT05M15.00S,2,PT03M56.00S,0,0,0,0,5.077,0.195,5.077,0.195,1997-10-31,0,0,1,1
29700013,11,1610612757,1610612760,180,258,278,739,925,56,96,452,765,1425,114,0,0,0.917,0.0,1204,1318,2,PT03M56.00S,2,PT02M02.00S,0,0,0,0,5.077,0.195,5.995,0.195,1997-10-31,0,0,1,1
29700013,12,1610612757,1610612760,180,258,278,355,739,56,96,452,765,1425,68,0,0,-1.625,0.0,1318,1386,2,PT02M02.00S,2,PT00M54.00S,0,0,0,0,5.995,0.195,4.369,0.195,1997-10-31,0,0,1,1
29700013,13,1610612757,1610612760,180,258,278,355,979,56,96,452,760,765,474,0,0,-3.165,-1.957,1386,1860,2,PT00M54.00S,3,PT05M00.00S,0,0,0,0,4.369,0.195,1.205,-1.762,1997-10-31,0,0,1,1
29700013,14,1610612757,1610612760,180,258,278,355,979,56,64,107,452,760,76,0,0,0.0,1.034,1959,2035,3,PT03M21.00S,3,PT02M05.00S,0,0,0,0,1.205,-0.667,1.205,0.367,1997-10-31,0,0,1,1
29700013,15,1610612757,1610612760,180,258,355,979,1509,56,64,107,760,1425,101,-70,-68,-70.0,-66.966,2213,2314,4,PT11M07.00S,4,PT09M26.00S,70,68,0,0,71.205,68.367,1.205,1.402,1997-10-31,0,0,1,1
29700013,16,1610612757,1610612760,180,258,355,979,1509,56,64,96,107,760,32,-75,-73,-75.0,-73.0,2314,2346,4,PT09M26.00S,4,PT08M54.00S,75,73,0,0,76.205,74.402,1.205,1.402,1997-10-31,0,0,1,1
29700013,17,1610612757,1610612760,180,258,278,355,979,21,64,96,107,760,99,0,0,0.0,0.0,2346,2445,4,PT08M54.00S,4,PT07M15.00S,0,0,0,0,1.205,1.402,1.205,1.402,1997-10-31,0,0,1,1
29700013,18,1610612757,1610612760,180,258,278,355,979,21,96,107,452,760,105,0,0,0.0,0.0,2445,2550,4,PT07M15.00S,4,PT05M30.00S,0,0,0,0,1.205,1.402,1.205,1.402,1997-10-31,0,0,1,1
29700013,19,1610612757,1610612760,180,258,278,739,979,56,96,452,760,765,69,0,0,0.0,0.0,2550,2619,4,PT05M30.00S,4,PT04M21.00S,0,0,0,0,1.205,1.402,1.205,1.402,1997-10-31,0,0,1,1
29700013,20,1610612757,1610612760,180,258,278,739,979,56,96,452,760,765,218,0,0,-1.696,2.074,2619,2837,4,PT04M21.00S,4,PT00M43.30S,0,0,0,0,1.205,1.402,-0.491,3.476,1997-10-31,0,0,1,1
29700013,21,1610612757,1610612760,72,180,258,739,979,56,96,452,760,765,13,0,0,1.13,0.0,2837,2850,4,PT00M43.30S,4,PT00M30.30S,0,0,0,0,-0.491,3.476,0.639,3.476,1997-10-31,0,0,1,1
29700013,22,1610612757,1610612760,180,258,278,739,979,56,96,452,760,765,3,0,0,0.0,0.0,2850,2853,4,PT00M30.30S,4,PT00M26.80S,0,0,0,0,0.639,3.476,0.639,3.476,1997-10-31,0,0,1,1
29700013,23,1610612757,1610612760,72,180,258,739,979,56,96,452,760,765,27,83,91,84.011,91.0,2853,2880,4,PT00M26.80S,4,PT00M00.00S,0,0,83,91,0.639,3.476,84.65,94.476,1997-10-31,0,0,1,1
29700014,0,1610612763,1610612742,324,735,901,949,1498,93,234,714,762,920,301,0,0,0.0,0.0,0,301,1,PT12M00.00S,1,PT06M59.00S,0,0,0,0,0.0,0.0,0.0,0.0,1997-10-31,0,0,1,1
29700014,1,1610612763,1610612742,324,735,901,949,1498,93,714,762,920,1563,160,0,0,2.25,0.0,301,461,1,PT06M59.00S,1,PT04M19.00S,0,0,0,0,0.0,0.0,2.25,0.0,1997-10-31,0,0,1,1
29700014,2,1610612763,1610612742,324,735,901,949,1498,192,714,762,920,1563,73,0,0,0.0,0.0,461,534,1,PT04M19.00S,1,PT03M06.00S,0,0,0,0,2.25,0.0,2.25,0.0,1997-10-31,0,0,1,1
29700014,3,1610612763,1610612742,195,432,898,901,949,192,714,762,920,1563,121,0,0,1.029,-3.493,534,655,1,PT03M06.00S,1,PT01M05.00S,0,0,0,0,2.25,0.0,3.279,-3.493,1997-10-31,0,0,1,1
29700014,4,1610612763,1610612742,195,432,898,901,949,192,234,920,955,1563,194,0,0,1.047,3.406,655,849,1,PT01M05.00S,2,PT09M51.00S,0,0,0,0,3.279,-3.493,4.327,-0.086,1997-10-31,0,0,1,1
29700014,5,1610612763,1610612742,195,432,898,901,949,234,714,920,955,1563,68,0,0,0.0,1.088,849,917,2,PT09M51.00S,2,PT08M43.00S,0,0,0,0,4.327,-0.086,4.327,1.001,1997-10-31,0,0,1,1
29700014,6,1610612763,1610612742,324,432,901,949,1498,192,234,714,762,920,29,2,1,2.0,1.0,1408,1437,2,PT00M31.80S,2,PT00M03.40S,43,41,45,42,45.702,45.533,47.702,46.533,1997-10-31,0,0,1,1
29700014,7,1610612763,1610612742,324,432,901,949,1498,192,234,714,762,955,240,7,7,9.197,7.0,1437,1677,2,PT00M03.40S,3,PT08M03.00S,45,42,52,49,47.702,46.533,56.899,53.533,1997-10-31,0,0,1,1
29700014,8,1610612763,1610612742,324,432,901,949,1498,192,714,762,955,1563,82,-52,-49,-52.0,-49.0,1677,1759,3,PT08M03.00S,3,PT06M41.00S,52,49,0,0,56.899,53.533,4.899,4.533,1997-10-31,0,0,1,1
29700014,9,1610612763,1610612742,195,324,432,901,949,192,714,762,955,1563,4,58,55,58.0,55.0,1759,1763,3,PT06M41.00S,3,PT06M37.00S,0,0,58,55,4.899,4.533,62.899,59.533,1997-10-31,0,0,1,1
29700014,10,1610612763,1610612742,195,248,324,432,901,192,714,762,955,1563,27,0,1,0.0,1.0,1763,1790,3,PT06M37.00S,3,PT06M10.00S,58,55,58,56,62.899,59.533,62.899,60.533,1997-10-31,0,0,1,1
29700014,11,1610612763,1610612742,195,248,324,432,901,192,714,762,955,1563,96,-58,-56,-56.918,-56.0,1790,1886,3,PT06M10.00S,3,PT04M34.00S,58,56,0,0,62.899,60.533,5.981,4.533,1997-10-31,0,0,1,1
29700014,12,1610612763,1610612742,195,248,432,898,1096,93,192,762,955,1563,69,-60,-68,-60.0,-68.0,2010,2079,3,PT02M30.00S,3,PT01M21.00S,60,68,0,0,65.981,72.533,5.981,4.533,1997-10-31,0,0,1,1
29700014,13,1610612763,1610612742,195,248,432,898,1096,93,154,192,955,1563,163,0,0,-0.548,-1.475,2079,2242,3,PT01M21.00S,4,PT10M38.00S,0,0,0,0,5.981,4.533,5.433,3.058,1997-10-31,0,0,1,1
29700014,14,1610612763,1610612742,195,248,432,898,1096,93,192,920,955,1563,91,0,0,0.0,0.0,2242,2333,4,PT10M38.00S,4,PT09M07.00S,0,0,0,0,5.433,3.058,5.433,3.058,1997-10-31,0,0,1,1
29700014,15,1610612763,1610612742,195,248,432,735,901,93,192,234,920,955,131,0,0,0.0,1.232,2333,2464,4,PT09M07.00S,4,PT06M56.00S,0,0,0,0,5.433,3.058,5.433,4.29,1997-10-31,0,0,1,1
29700014,16,1610612763,1610612742,248,432,735,901,1498,93,192,234,920,955,31,0,0,0.0,0.0,2464,2495,4,PT06M56.00S,4,PT06M25.00S,0,0,0,0,5.433,4.29,5.433,4.29,1997-10-31,0,0,1,1
29700014,17,1610612763,1610612742,432,735,898,901,1498,93,192,234,920,955,129,0,0,0.0,2.213,2495,2624,4,PT06M25.00S,4,PT04M16.00S,0,0,0,0,5.433,4.29,5.433,6.503,1997-10-31,0,0,1,1
29700014,18,1610612763,1610612742,432,735,898,901,1498,93,192,920,955,1563,198,0,0,1.292,-1.892,2624,2822,4,PT04M16.00S,4,PT00M58.40S,0,0,0,0,5.433,6.503,6.725,4.611,1997-10-31,0,0,1,1
29700014,19,1610612763,1610612742,195,432,735,898,901,93,192,920,955,1563,47,0,0,1.047,0.0,2822,2869,4,PT00M58.40S,4,PT00M10.60S,0,0,0,0,6.725,4.611,7.772,4.611,1997-10-31,0,0,1,1
29700015,0,1610612764,1610612748,31,185,384,393,436,136,469,702,896,1134,141,0,0,0.0,0.0,0,141,1,PT12M00.00S,1,PT09M39.00S,0,0,0,0,0.0,0.0,0.0,0.0,1997-11-01,0,0,1,1
29700015,1,1610612764,1610612748,31,185,384,393,436,371,469,702,896,1134,409,0,0,0.0,-3.684,141,550,1,PT09M39.00S,1,PT02M50.00S,0,0,0,0,0.0,0.0,0.0,-3.684,1997-11-01,0,0,1,1
29700015,2,1610612764,1610612748,31,185,265,384,393,371,469,702,896,1134,136,0,0,0.0,0.0,550,686,1,PT02M50.00S,1,PT00M34.20S,0,0,0,0,0.0,-3.684,0.0,-3.684,1997-11-01,0,0,1,1
29700015,3,1610612764,1610612748,31,265,384,393,1032,173,371,469,896,1134,85,0,0,0.901,0.0,686,771,1,PT00M34.20S,2,PT11M09.00S,0,0,0,0,0.0,-3.684,0.901,-3.684,1997-11-01,0,0,1,1
29700015,4,1610612764,1610612748,31,265,384,393,1032,173,371,469,785,1134,3,0,0,0.0,0.0,771,774,2,PT11M09.00S,2,PT11M06.00S,0,0,0,0,0.901,-3.684,0.901,-3.684,1997-11-01,0,0,1,1
29700015,5,1610612764,1610612748,31,145,265,393,1032,173,371,469,785,1134,39,0,0,0.0,0.0,774,813,2,PT11M06.00S,2,PT10M27.00S,0,0,0,0,0.901,-3.684,0.901,-3.684,1997-11-01,0,0,1,1
29700015,6,1610612764,1610612748,31,145,265,393,436,173,371,469,785,1134,17,0,0,0.0,0.0,813,830,2,PT10M27.00S,2,PT10M10.00S,0,0,0,0,0.901,-3.684,0.901,-3.684,1997-11-01,0,0,1,1
29700015,7,1610612764,1610612748,31,145,265,393,436,136,173,371,469,785,51,0,0,0.0,0.0,830,881,2,PT10M10.00S,2,PT09M19.00S,0,0,0,0,0.901,-3.684,0.901,-3.684,1997-11-01,0,0,1,1
29700015,8,1610612764,1610612748,31,145,265,393,436,136,173,371,469,785,15,0,0,0.0,0.0,881,896,2,PT09M19.00S,2,PT09M04.00S,0,0,0,0,0.901,-3.684,0.901,-3.684,1997-11-01,0,0,1,1
29700015,9,1610612764,1610612748,31,145,393,436,1032,136,173,371,469,785,41,0,0,0.0,0.0,896,937,2,PT09M04.00S,2,PT08M23.00S,0,0,0,0,0.901,-3.684,0.901,-3.684,1997-11-01,0,0,1,1
29700015,10,1610612764,1610612748,31,145,393,436,1032,105,136,173,371,785,182,0,0,1.175,-1.707,937,1119,2,PT08M23.00S,2,PT05M21.00S,0,0,0,0,0.901,-3.684,2.076,-5.391,1997-11-01,0,0,1,1
29700015,11,1610612764,1610612748,31,384,393,436,1032,105,136,173,371,785,26,0,0,0.0,0.0,1119,1145,2,PT05M21.00S,2,PT04M55.00S,0,0,0,0,2.076,-5.391,2.076,-5.391,1997-11-01,0,0,1,1
29700015,12,1610612764,1610612748,31,384,393,436,1032,105,136,173,371,896,87,0,0,0.0,-0.615,1145,1232,2,PT04M55.00S,2,PT03M28.00S,0,0,0,0,2.076,-5.391,2.076,-6.006,1997-11-01,0,0,1,1
29700015,13,1610612764,1610612748,43,145,265,384,436,105,371,469,896,1110,196,0,0,-1.545,1.019,2112,2308,3,PT00M47.80S,4,PT09M32.00S,0,0,0,0,0.825,-6.404,-0.72,-5.385,1997-11-01,0,0,1,1
29700015,14,1610612764,1610612748,43,145,265,384,436,105,371,469,896,1110,97,0,0,-4.51,-0.617,2308,2405,4,PT09M32.00S,4,PT07M55.00S,0,0,0,0,-0.72,-5.385,-5.231,-6.002,1997-11-01,0,0,1,1
29700016,0,1610612737,1610612761,87,120,302,363,895,57,440,757,948,1005,398,0,0,2.104,3.283,0,398,1,PT12M00.00S,1,PT05M22.00S,0,0,0,0,0.0,0.0,2.104,3.283,1997-11-01,0,0,1,1
29700016,1,1610612737,1610612761,87,120,302,363,895,57,461,757,948,1005,10,0,0,0.0,0.0,398,408,1,PT05M22.00S,1,PT05M12.00S,0,0,0,0,2.104,3.283,2.104,3.283,1997-11-01,0,0,1,1
29700016,2,1610612737,1610612761,87,120,302,363,895,57,461,757,961,1005,112,16,6,16.0,6.0,408,520,1,PT05M12.00S,1,PT03M20.00S,0,0,16,6,2.104,3.283,18.104,9.283,1997-11-01,0,0,1,1
29700016,3,1610612737,1610612761,87,120,302,363,895,57,435,461,757,961,20,-16,-6,-16.0,-6.0,520,540,1,PT03M20.00S,1,PT03M00.00S,16,6,0,0,18.104,9.283,2.104,3.283,1997-11-01,0,0,1,1
29700016,4,1610612737,1610612761,120,302,363,673,895,57,435,461,757,961,46,17,6,17.0,6.0,540,586,1,PT03M00.00S,1,PT02M14.00S,0,0,17,6,2.104,3.283,19.104,9.283,1997-11-01,0,0,1,1
29700016,5,1610612737,1610612761,120,302,359,363,673,57,435,461,757,961,54,-17,-6,-17.0,-4.977,586,640,1,PT02M14.00S,1,PT01M20.00S,17,6,0,0,19.104,9.283,2.104,4.306,1997-11-01,0,0,1,1
29700016,6,1610612737,1610612761,120,359,363,673,1126,57,435,461,961,1503,64,23,11,23.0,11.0,640,704,1,PT01M20.00S,1,PT00M16.00S,0,0,23,11,2.104,4.306,25.104,15.306,1997-11-01,0,0,1,1
29700016,7,1610612737,1610612761,120,359,363,673,1126,435,461,757,961,1503,177,-23,-11,-23.0,-11.0,704,881,1,PT00M16.00S,2,PT09M19.00S,23,11,0,0,25.104,15.306,2.104,4.306,1997-11-01,0,0,1,1
29700016,8,1610612737,1610612761,87,302,359,673,1126,435,461,757,948,1503,97,0,0,0.0,0.0,881,978,2,PT09M19.00S,2,PT07M42.00S,0,0,0,0,2.104,4.306,2.104,4.306,1997-11-01,0,0,1,1
29700016,9,1610612737,1610612761,87,302,359,673,1516,461,757,948,1005,1503,161,0,0,0.0,-1.61,978,1139,2,PT07M42.00S,2,PT05M01.00S,0,0,0,0,2.104,4.306,2.104,2.696,1997-11-01,0,0,1,1
29700016,10,1610612737,1610612761,87,302,359,673,1516,440,757,948,1005,1503,154,0,0,0.0,1.097,1139,1293,2,PT05M01.00S,2,PT02M27.00S,0,0,0,0,2.104,2.696,2.104,3.792,1997-11-01,0,0,1,1
29700016,11,1610612737,1610612761,87,302,359,363,1516,440,757,948,961,1005,634,0,0,3.799,2.827,1293,1927,2,PT02M27.00S,3,PT03M53.00S,0,0,0,0,2.104,3.792,5.903,6.62,1997-11-01,0,0,1,1
29700016,12,1610612737,1610612761,302,359,363,673,1516,440,461,757,961,1005,20,0,0,0.0,0.0,1927,1947,3,PT03M53.00S,3,PT03M33.00S,0,0,0,0,5.903,6.62,5.903,6.62,1997-11-01,0,0,1,1
29700016,13,1610612737,1610612761,302,359,363,673,1516,440,461,704,757,961,45,0,0,0.0,0.0,1947,1992,3,PT03M33.00S,3,PT02M48.00S,0,0,0,0,5.903,6.62,5.903,6.62,1997-11-01,0,0,1,1
29700016,14,1610612737,1610612761,302,359,363,673,1516,440,461,704,757,961,98,65,57,65.0,57.0,1992,2090,3,PT02M48.00S,3,PT01M10.00S,0,0,65,57,5.903,6.62,70.903,63.62,1997-11-01,0,0,1,1
29700016,15,1610612737,1610612761,359,363,673,1126,1516,440,461,704,757,961,54,-65,-57,-66.702,-55.896,2090,2144,3,PT01M10.00S,3,PT00M16.00S,65,57,0,0,70.903,63.62,4.201,7.724,1997-11-01,0,0,1,1
29700016,16,1610612737,1610612761,359,673,895,1126,1516,461,704,757,961,1005,153,0,0,0.0,0.0,2144,2297,3,PT00M16.00S,4,PT09M43.00S,0,0,0,0,4.201,7.724,4.201,7.724,1997-11-01,0,0,1,1
29700016,17,1610612737,1610612761,87,302,359,895,1516,461,704,757,961,1005,17,0,0,0.0,0.0,2297,2314,4,PT09M43.00S,4,PT09M26.00S,0,0,0,0,4.201,7.724,4.201,7.724,1997-11-01,0,0,1,1
29700016,18,1610612737,1610612761,87,302,359,895,1516,461,704,948,961,1005,32,0,0,0.0,0.0,2314,2346,4,PT09M26.00S,4,PT08M54.00S,0,0,0,0,4.201,7.724,4.201,7.724,1997-11-01,0,0,1,1
29700017,0,1610612754,1610612744,22,349,397,904,905,84,693,902,923,956,308,10,8,10.0,8.0,0,308,1,PT12M00.00S,1,PT06M52.00S,0,0,10,8,0.0,0.0,10.0,8.0,1997-11-01,0,0,1,1
29700017,1,1610612754,1610612744,22,349,397,904,905,84,902,923,956,1502,11,0,2,0.0,2.0,308,319,1,PT06M52.00S,1,PT06M41.00S,10,8,10,10,10.0,8.0,10.0,10.0,1997-11-01,0,0,1,1
29700017,2,1610612754,1610612744,22,349,397,904,905,84,273,902,956,1502,67,4,0,4.0,0.0,319,386,1,PT06M41.00S,1,PT05M34.00S,10,10,14,10,10.0,10.0,14.0,10.0,1997-11-01,0,0,1,1
29700017,3,1610612754,1610612744,22,349,397,904,905,84,273,280,902,1502,44,0,0,0.0,0.0,386,430,1,PT05M34.00S,1,PT04M50.00S,14,10,14,10,14.0,10.0,14.0,10.0,1997-11-01,0,0,1,1
29700017,4,1610612754,1610612744,22,397,696,697,905,84,273,280,769,1502,20,2,0,2.0,0.0,430,450,1,PT04M50.00S,1,PT04M30.00S,15,10,17,10,15.0,10.0,17.0,10.0,1997-11-01,0,0,1,1
29700017,5,1610612754,1610612744,22,213,397,696,697,84,273,280,693,769,179,8,4,8.0,5.033,450,629,1,PT04M30.00S,1,PT01M31.00S,17,10,25,14,17.0,10.0,25.0,15.033,1997-11-01,0,0,1,1
29700017,6,1610612754,1610612744,213,397,696,697,770,84,280,693,769,923,205,3,4,3.726,4.0,629,834,1,PT01M31.00S,2,PT10M06.00S,25,14,28,18,25.0,15.033,28.726,19.033,1997-11-01,0,0,1,1
29700017,7,1610612754,1610612744,213,397,696,697,770,54,84,280,769,923,157,2,6,2.0,6.0,834,991,2,PT10M06.00S,2,PT07M29.00S,28,18,30,24,28.726,19.033,30.726,25.033,1997-11-01,0,0,1,1
29700017,8,1610612754,1610612744,213,397,696,697,770,54,84,280,769,923,20,1,0,1.0,0.0,991,1011,2,PT07M29.00S,2,PT07M09.00S,30,24,31,24,30.726,25.033,31.726,25.033,1997-11-01,0,0,1,1
29700017,9,1610612754,1610612744,213,397,696,697,905,54,84,280,769,923,15,0,0,0.0,0.0,1011,1026,2,PT07M09.00S,2,PT06M54.00S,31,24,31,24,31.726,25.033,31.726,25.033,1997-11-01,0,0,1,1
29700017,10,1610612754,1610612744,213,397,696,697,905,84,280,693,769,923,86,0,2,1.116,3.033,1026,1112,2,PT06M54.00S,2,PT05M28.00S,31,24,31,26,31.726,25.033,32.842,28.066,1997-11-01,0,0,1,1
29700017,11,1610612754,1610612744,213,397,696,904,905,84,273,280,693,769,52,5,2,3.407,2.0,1112,1164,2,PT05M28.00S,2,PT04M36.00S,32,26,37,28,33.842,28.066,37.249,30.066,1997-11-01,0,0,1,1
29700017,12,1610612754,1610612744,213,349,397,904,905,84,273,693,769,956,74,3,3,3.0,3.0,1164,1238,2,PT04M36.00S,2,PT03M22.00S,37,28,40,31,37.249,30.066,40.249,33.066,1997-11-01,0,0,1,1
29700017,13,1610612754,1610612744,22,349,397,904,905,84,273,693,769,956,464,15,9,14.381,7.326,1238,1702,2,PT03M22.00S,3,PT07M38.00S,40,31,55,40,40.249,33.066,54.631,40.393,1997-11-01,0,0,1,1
29700017,14,1610612754,1610612744,22,349,397,904,905,84,273,280,693,769,46,0,2,0.0,2.0,1702,1748,3,PT07M38.00S,3,PT06M52.00S,55,40,55,42,54.631,40.393,54.631,42.393,1997-11-01,0,0,1,1
29700017,15,1610612754,1610612744,22,349,397,904,905,84,273,280,769,1502,104,2,5,2.0,5.0,1748,1852,3,PT06M52.00S,3,PT05M08.00S,55,42,57,47,54.631,42.393,56.631,47.393,1997-11-01,0,0,1,1
29700017,16,1610612754,1610612744,22,213,397,696,904,84,273,280,769,1502,3,0,0,0.0,0.0,1852,1855,3,PT05M08.00S,3,PT05M05.00S,57,47,57,47,56.631,47.393,56.631,47.393,1997-11-01,0,0,1,1
29700017,17,1610612754,1610612744,22,213,397,696,904,84,273,280,693,769,35,3,0,3.0,0.0,1855,1890,3,PT05M05.00S,3,PT04M30.00S,57,47,60,47,56.631,47.393,59.631,47.393,1997-11-01,0,0,1,1
29700017,18,1610612754,1610612744,213,397,696,770,904,84,280,693,769,923,44,3,3,3.0,3.0,1890,1934,3,PT04M30.00S,3,PT03M46.00S,61,47,64,50,60.631,47.393,63.631,50.393,1997-11-01,0,0,1,1
29700017,19,1610612754,1610612744,213,397,696,697,770,84,280,693,769,923,5,0,1,0.0,1.0,1934,1939,3,PT03M46.00S,3,PT03M41.00S,64,50,64,51,63.631,50.393,63.631,51.393,1997-11-01,0,0,1,1
29700017,20,1610612754,1610612744,213,397,696,697,770,84,280,693,769,923,150,4,6,5.116,6.0,1939,2089,3,PT03M41.00S,3,PT01M11.00S,64,51,68,57,63.631,51.393,68.747,57.393,1997-11-01,0,0,1,1
29700017,21,1610612754,1610612744,213,397,696,697,770,280,693,769,923,1063,44,2,1,3.116,1.0,2089,2133,3,PT01M11.00S,3,PT00M26.70S,68,57,70,58,68.747,57.393,71.863,58.393,1997-11-01,0,0,1,1
29700017,22,1610612754,1610612744,213,397,696,697,770,273,280,693,769,1063,151,2,4,3.024,3.167,2133,2284,3,PT00M26.70S,4,PT09M56.00S,70,58,72,62,71.863,58.393,74.887,61.559,1997-11-01,0,0,1,1
29700017,23,1610612754,1610612744,22,349,397,770,904,54,84,902,923,956,83,2,2,3.114,2.0,2525,2608,4,PT05M55.00S,4,PT04M32.00S,80,70,82,72,82.887,67.886,86.001,69.886,1997-11-01,0,0,1,1
29700017,24,1610612754,1610612744,22,349,397,770,904,84,693,902,923,956,158,9,3,9.0,3.0,2608,2766,4,PT04M32.00S,4,PT01M54.00S,82,72,91,75,86.001,69.886,95.001,72.886,1997-11-01,0,0,1,1
29700018,0,1610612741,1610612755,26,166,679,753,893,376,711,754,934,947,442,14,10,14.855,12.101,0,442,1,PT12M00.00S,1,PT04M38.00S,0,0,14,10,0.0,0.0,14.855,12.101,1997-11-01,0,0,1,1
29700018,1,1610612741,1610612755,26,166,679,753,893,221,711,754,934,947,108,7,3,7.0,3.0,442,550,1,PT04M38.00S,1,PT02M50.00S,14,10,21,13,14.855,12.101,21.855,15.101,1997-11-01,0,0,1,1
29700018,2,1610612741,1610612755,26,166,389,753,893,221,711,754,934,947,31,1,1,1.0,1.0,550,581,1,PT02M50.00S,1,PT02M19.00S,21,13,22,14,21.855,15.101,22.855,16.101,1997-11-01,0,0,1,1
29700018,3,1610612741,1610612755,23,166,389,753,893,187,221,711,754,947,54,-22,-14,-22.0,-14.0,581,635,1,PT02M19.00S,1,PT01M25.00S,22,14,0,0,22.855,16.101,0.855,2.101,1997-11-01,0,0,1,1
29700018,4,1610612741,1610612755,23,82,166,389,753,187,221,711,754,947,42,0,0,0.0,0.0,635,677,1,PT01M25.00S,1,PT00M43.30S,0,0,0,0,0.855,2.101,0.855,2.101,1997-11-01,0,0,1,1
29700018,5,1610612741,1610612755,23,70,82,166,389,187,221,711,754,947,71,0,0,0.0,0.0,677,748,1,PT00M43.30S,2,PT11M32.00S,0,0,0,0,0.855,2.101,0.855,2.101,1997-11-01,0,0,1,1
29700018,6,1610612741,1610612755,23,70,82,166,389,187,221,707,947,1501,94,33,15,33.0,15.0,748,842,2,PT11M32.00S,2,PT09M58.00S,0,0,33,15,0.855,2.101,33.855,17.101,1997-11-01,0,0,1,1
29700018,7,1610612741,1610612755,23,70,82,389,893,221,707,934,947,1501,81,-33,-15,-33.0,-15.0,842,923,2,PT09M58.00S,2,PT08M37.00S,33,15,0,0,33.855,17.101,0.855,2.101,1997-11-01,0,0,1,1
29700018,8,1610612741,1610612755,23,70,82,389,893,221,707,777,934,1501,44,0,0,0.0,0.0,923,967,2,PT08M37.00S,2,PT07M53.00S,0,0,0,0,0.855,2.101,0.855,2.101,1997-11-01,0,0,1,1
29700018,9,1610612741,1610612755,23,26,70,197,893,221,707,777,934,1501,41,0,0,0.0,0.0,967,1008,2,PT07M53.00S,2,PT07M12.00S,0,0,0,0,0.855,2.101,0.855,2.101,1997-11-01,0,0,1,1
29700018,10,1610612741,1610612755,23,26,70,166,197,221,707,777,934,1501,41,0,0,0.0,0.0,1008,1049,2,PT07M12.00S,2,PT06M31.00S,0,0,0,0,0.855,2.101,0.855,2.101,1997-11-01,0,0,1,1
29700018,11,1610612741,1610612755,23,26,70,166,197,376,711,777,934,1501,25,0,0,0.0,0.0,1049,1074,2,PT06M31.00S,2,PT06M06.00S,0,0,0,0,0.855,2.101,0.855,2.101,1997-11-01,0,0,1,1
29700018,12,1610612741,1610612755,23,26,70,166,197,376,711,754,777,934,62,0,0,0.77,0.0,1074,1136,2,PT06M06.00S,2,PT05M04.00S,0,0,0,0,0.855,2.101,1.625,2.101,1997-11-01,0,0,1,1
29700018,13,1610612741,1610612755,26,70,166,197,679,281,711,754,777,934,48,35,23,35.0,23.0,1136,1184,2,PT05M04.00S,2,PT04M16.00S,0,0,35,23,1.625,2.101,36.625,25.101,1997-11-01,0,0,1,1
29700018,14,1610612741,1610612755,26,166,197,679,753,281,711,754,934,947,144,4,5,4.0,5.968,1184,1328,2,PT04M16.00S,2,PT01M52.00S,35,23,39,28,36.625,25.101,40.625,31.069,1997-11-01,0,0,1,1
29700018,15,1610612741,1610612755,23,166,389,679,753,281,707,754,934,947,19,-39,-28,-39.0,-28.0,1328,1347,2,PT01M52.00S,2,PT01M33.00S,39,28,0,0,40.625,31.069,1.625,3.069,1997-11-01,0,0,1,1
29700018,16,1610612741,1610612755,23,166,389,679,753,221,281,707,754,947,64,42,29,42.0,29.0,1347,1411,2,PT01M33.00S,2,PT00M28.80S,0,0,42,29,1.625,3.069,43.625,32.069,1997-11-01,0,0,1,1
29700018,17,1610612741,1610612755,23,70,166,389,679,221,281,707,754,947,348,-42,-29,-42.997,-30.739,1411,1759,2,PT00M28.80S,3,PT06M41.00S,42,29,0,0,43.625,32.069,0.628,1.33,1997-11-01,0,0,1,1
29700018,18,1610612741,1610612755,23,70,166,389,679,221,281,707,754,947,204,0,0,0.0,0.0,1759,1963,3,PT06M41.00S,3,PT03M17.00S,0,0,0,0,0.628,1.33,0.628,1.33,1997-11-01,0,0,1,1
29700018,19,1610612741,1610612755,23,70,166,389,679,221,281,707,777,1501,92,86,55,86.0,55.0,2274,2366,4,PT10M06.00S,4,PT08M34.00S,0,0,86,55,0.628,1.33,86.628,56.33,1997-11-01,0,0,1,1
29700018,20,1610612741,1610612755,23,70,166,389,679,221,281,711,777,1501,124,-86,-55,-86.0,-55.0,2366,2490,4,PT08M34.00S,4,PT06M30.00S,86,55,0,0,86.628,56.33,0.628,1.33,1997-11-01,0,0,1,1
29700018,21,1610612741,1610612755,23,70,146,166,389,221,281,711,777,1501,177,0,0,-1.488,0.0,2490,2667,4,PT06M30.00S,4,PT03M33.00S,0,0,0,0,0.628,1.33,-0.861,1.33,1997-11-01,0,0,1,1
29700018,22,1610612741,1610612755,23,70,146,166,389,221,281,754,777,1501,46,0,0,0.0,0.0,2667,2713,4,PT03M33.00S,4,PT02M47.00S,0,0,0,0,-0.861,1.33,-0.861,1.33,1997-11-01,0,0,1,1
29700018,23,1610612741,1610612755,23,70,146,166,170,221,281,754,777,1501,18,0,0,0.0,0.0,2713,2731,4,PT02M47.00S,4,PT02M29.00S,0,0,0,0,-0.861,1.33,-0.861,1.33,1997-11-01,0,0,1,1
29700018,24,1610612741,1610612755,23,70,146,166,170,221,376,754,777,1501,149,94,74,92.318,70.748,2731,2880,4,PT02M29.00S,4,PT00M00.00S,0,0,94,74,-0.861,1.33,91.457,72.078,1997-11-01,0,0,1,1
29700019,0,1610612749,1610612751,210,238,299,911,951,208,236,383,420,423,324,0,0,-1.638,-1.741,0,324,1,PT12M00.00S,1,PT06M36.00S,0,0,0,0,0.0,0.0,-1.638,-1.741,1997-11-01,0,0,1,1
29700019,1,1610612749,1610612751,210,238,299,688,911,208,236,383,420,423,136,0,0,0.0,0.0,324,460,1,PT06M36.00S,1,PT04M20.00S,0,0,0,0,-1.638,-1.741,-1.638,-1.741,1997-11-01,0,0,1,1
29700019,2,1610612749,1610612751,210,238,299,688,911,208,383,420,423,446,48,0,0,0.0,0.0,460,508,1,PT04M20.00S,1,PT03M32.00S,0,0,0,0,-1.638,-1.741,-1.638,-1.741,1997-11-01,0,0,1,1
29700019,3,1610612749,1610612751,210,238,299,688,911,383,420,423,428,446,25,0,0,0.0,0.0,508,533,1,PT03M32.00S,1,PT03M07.00S,0,0,0,0,-1.638,-1.741,-1.638,-1.741,1997-11-01,0,0,1,1
29700019,4,1610612749,1610612751,210,238,688,911,951,383,420,423,428,446,58,0,0,0.0,0.0,533,591,1,PT03M07.00S,1,PT02M09.00S,0,0,0,0,-1.638,-1.741,-1.638,-1.741,1997-11-01,0,0,1,1
29700019,5,1610612749,1610612751,210,238,688,911,951,128,420,423,428,446,80,0,0,0.0,0.0,591,671,1,PT02M09.00S,1,PT00M49.40S,0,0,0,0,-1.638,-1.741,-1.638,-1.741,1997-11-01,0,0,1,1
29700019,6,1610612749,1610612751,160,210,238,688,911,128,212,423,428,446,13,0,0,0.0,0.0,671,684,1,PT00M49.40S,1,PT00M35.70S,0,0,0,0,-1.638,-1.741,-1.638,-1.741,1997-11-01,0,0,1,1
29700019,7,1610612749,1610612751,160,238,386,688,911,128,212,262,428,446,229,0,0,0.0,0.0,684,913,1,PT00M35.70S,2,PT08M47.00S,0,0,0,0,-1.638,-1.741,-1.638,-1.741,1997-11-01,0,0,1,1
29700019,8,1610612749,1610612751,210,238,688,911,951,208,383,420,423,446,146,0,0,-1.641,1.065,1161,1307,2,PT04M39.00S,2,PT02M13.00S,0,0,0,0,-3.155,-1.741,-4.797,-0.676,1997-11-01,0,0,1,1
29700019,9,1610612749,1610612751,210,288,688,911,951,208,383,420,423,446,29,3,1,3.0,1.0,1360,1389,2,PT01M20.00S,2,PT00M51.00S,45,53,48,54,40.203,52.324,43.203,53.324,1997-11-01,0,0,1,1
29700019,10,1610612749,1610612751,210,288,688,911,951,208,212,423,428,446,19,-48,-54,-48.0,-54.0,1389,1408,2,PT00M51.00S,2,PT00M31.50S,48,54,0,0,43.203,53.324,-4.797,-0.676,1997-11-01,0,0,1,1
29700019,11,1610612749,1610612751,210,288,386,688,911,208,212,423,428,446,8,0,0,0.0,0.0,1408,1416,2,PT00M31.50S,2,PT00M23.80S,0,0,0,0,-4.797,-0.676,-4.797,-0.676,1997-11-01,0,0,1,1
29700019,12,1610612749,1610612751,210,288,386,688,911,208,212,262,428,446,118,0,0,0.0,1.756,1416,1534,2,PT00M23.80S,3,PT10M26.00S,0,0,0,0,-4.797,-0.676,-4.797,1.079,1997-11-01,0,0,1,1
29700019,13,1610612749,1610612751,210,288,386,688,911,208,212,262,428,446,86,0,0,-1.517,0.0,1534,1620,3,PT10M26.00S,3,PT09M00.00S,0,0,0,0,-4.797,1.079,-6.313,1.079,1997-11-01,0,0,1,1
29700019,14,1610612749,1610612751,210,288,386,688,911,208,212,262,428,446,184,0,0,0.0,0.0,1620,1804,3,PT09M00.00S,3,PT05M56.00S,0,0,0,0,-6.313,1.079,-6.313,1.079,1997-11-01,0,0,1,1
29700019,15,1610612749,1610612751,210,288,386,688,911,208,212,236,262,428,169,0,0,-1.517,0.0,1804,1973,3,PT05M56.00S,3,PT03M07.00S,0,0,0,0,-6.313,1.079,-7.83,1.079,1997-11-01,0,0,1,1
29700019,16,1610612749,1610612751,210,288,299,688,911,128,212,236,423,428,105,0,0,-1.641,0.0,2254,2359,4,PT10M26.00S,4,PT08M41.00S,0,0,0,0,-6.841,1.916,-8.482,1.916,1997-11-01,0,0,1,1
29700019,17,1610612749,1610612751,210,288,299,688,911,128,208,212,423,428,34,0,0,0.0,-1.741,2359,2393,4,PT08M41.00S,4,PT08M07.00S,0,0,0,0,-8.482,1.916,-8.482,0.175,1997-11-01,0,0,1,1
29700019,18,1610612749,1610612751,210,288,299,688,911,128,208,212,423,428,26,0,0,0.0,0.0,2393,2419,4,PT08M07.00S,4,PT07M41.00S,0,0,0,0,-8.482,0.175,-8.482,0.175,1997-11-01,0,0,1,1
29700019,19,1610612749,1610612751,210,288,299,911,951,128,208,212,423,428,34,0,0,0.0,0.0,2419,2453,4,PT07M41.00S,4,PT07M07.00S,0,0,0,0,-8.482,0.175,-8.482,0.175,1997-11-01,0,0,1,1
29700019,20,1610612749,1610612751,210,238,299,911,951,208,212,383,423,428,65,0,0,0.0,0.0,2453,2518,4,PT07M07.00S,4,PT06M02.00S,0,0,0,0,-8.482,0.175,-8.482,0.175,1997-11-01,0,0,1,1
29700019,21,1610612749,1610612751,210,238,299,911,951,208,383,420,423,428,347,0,0,0.0,1.065,2518,2865,4,PT06M02.00S,4,PT00M15.10S,0,0,0,0,-8.482,0.175,-8.482,1.24,1997-11-01,0,0,1,1
29700019,22,1610612749,1610612751,210,299,688,911,951,208,383,420,423,428,1,0,0,0.0,0.0,2865,2866,4,PT00M15.10S,4,PT00M14.50S,0,0,0,0,-8.482,1.24,-8.482,1.24,1997-11-01,0,0,1,1
29700019,23,1610612749,1610612751,210,238,299,911,951,208,383,420,423,428,180,0,0,0.0,-0.0,2866,3046,4,PT00M14.50S,5,PT02M14.00S,0,0,0,0,-8.482,1.24,-8.482,1.24,1997-11-01,0,0,1,1
29700019,24,1610612749,1610612751,210,299,688,911,951,208,383,420,423,428,130,0,0,-1.802,0.0,3046,3176,5,PT02M14.00S,5,PT00M03.90S,0,0,0,0,-8.482,1.24,-10.284,1.24,1997-11-01,0,0,1,1
29700019,25,1610612749,1610612751,210,299,386,688,911,208,383,420,423,428,4,109,113,110.068,113.0,3176,3180,5,PT00M03.90S,5,PT00M00.00S,0,0,109,113,-10.284,1.24,99.784,114.24,1997-11-01,0,0,1,1
29700020,0,1610612750,1610612766,339,685,708,713,950,124,133,193,779,1108,512,0,0,-0.732,0.042,0,512,1,PT12M00.00S,1,PT03M28.00S,0,0,0,0,0.0,0.0,-0.732,0.042,1997-11-01,0,0,1,1
29700020,1,1610612750,1610612766,28,339,417,685,950,133,193,209,761,779,133,25,23,23.31,23.0,512,645,1,PT03M28.00S,1,PT01M15.00S,0,0,25,23,-0.732,0.042,22.578,23.042,1997-11-01,0,0,1,1
29700020,2,1610612750,1610612766,28,339,345,417,685,209,462,761,779,960,122,-25,-23,-24.093,-23.0,645,767,1,PT01M15.00S,2,PT11M13.00S,25,23,0,0,22.578,23.042,-1.515,0.042,1997-11-01,0,0,1,1
29700020,3,1610612750,1610612766,28,339,345,417,914,209,462,761,779,960,163,0,0,0.0,1.209,767,930,2,PT11M13.00S,2,PT08M30.00S,0,0,0,0,-1.515,0.042,-1.515,1.252,1997-11-01,0,0,1,1
29700020,4,1610612750,1610612766,28,339,345,417,914,124,209,462,779,960,4,0,0,0.0,0.0,930,934,2,PT08M30.00S,2,PT08M26.00S,0,0,0,0,-1.515,1.252,-1.515,1.252,1997-11-01,0,0,1,1
29700020,5,1610612750,1610612766,28,339,345,417,914,124,177,209,462,960,40,0,0,1.194,0.0,934,974,2,PT08M26.00S,2,PT07M46.00S,0,0,0,0,-1.515,1.252,-0.321,1.252,1997-11-01,0,0,1,1
29700020,6,1610612750,1610612766,339,345,674,914,950,462,761,960,1108,1133,27,0,0,0.0,0.0,2662,2689,4,PT03M38.00S,4,PT03M11.00S,0,0,0,0,-3.652,5.79,-3.652,5.79,1997-11-01,0,0,1,1
29700020,7,1610612750,1610612766,950,339,345,674,914,462,761,960,1108,1133,19,0,0,0.0,0.0,2689,2708,4,PT03M11.00S,4,PT02M52.00S,0,0,0,0,-3.652,5.79,-3.652,5.79,1997-11-01,1,0,1,1
29700020,8,1610612750,1610612766,339,345,417,674,914,462,761,960,1108,1133,172,106,90,107.923,90.0,2708,2880,4,PT02M52.00S,4,PT00M00.00S,0,0,106,90,-3.652,5.79,104.27,95.79,1997-11-01,1,0,1,1
29700021,0,1610612759,1610612739,219,251,422,764,1495,198,431,445,682,1507,295,0,0,1.14,2.317,0,295,1,PT12M00.00S,1,PT07M05.00S,0,0,0,0,0.0,0.0,1.14,2.317,1997-11-01,0,0,1,1
29700021,1,1610612759,1610612739,61,219,251,422,1495,198,431,445,682,1507,137,0,0,0.0,1.202,295,432,1,PT07M05.00S,1,PT04M48.00S,0,0,0,0,1.14,2.317,1.14,3.519,1997-11-01,0,0,1,1
29700021,2,1610612759,1610612739,61,219,251,422,764,431,445,682,980,1507,66,0,0,0.0,0.0,432,498,1,PT04M48.00S,1,PT03M42.00S,0,0,0,0,1.14,3.519,1.14,3.519,1997-11-01,0,0,1,1
29700021,3,1610612759,1610612739,61,219,251,422,764,445,682,958,980,1510,25,0,0,0.0,1.273,498,523,1,PT03M42.00S,1,PT03M17.00S,0,0,0,0,1.14,3.519,1.14,4.793,1997-11-01,0,0,1,1
29700021,4,1610612759,1610612739,42,61,219,422,764,445,682,958,980,1510,12,0,0,0.0,0.0,523,535,1,PT03M17.00S,1,PT03M05.00S,0,0,0,0,1.14,4.793,1.14,4.793,1997-11-01,0,0,1,1
29700021,5,1610612759,1610612739,42,61,219,422,764,682,958,980,1510,1538,22,0,0,0.0,0.0,535,557,1,PT03M05.00S,1,PT02M43.00S,0,0,0,0,1.14,4.793,1.14,4.793,1997-11-01,0,0,1,1
29700021,6,1610612759,1610612739,42,219,422,781,1495,682,958,980,1510,1538,117,0,0,0.0,-1.756,557,674,1,PT02M43.00S,1,PT00M45.50S,0,0,0,0,1.14,4.793,1.14,3.036,1997-11-01,0,0,1,1
29700021,7,1610612759,1610612739,42,61,251,422,764,682,958,980,1510,1538,170,-21,-14,-19.944,-14.0,674,844,1,PT00M45.50S,2,PT09M56.00S,21,14,0,0,22.14,17.036,2.196,3.036,1997-11-01,0,0,1,1
29700021,8,1610612759,1610612739,42,251,422,764,781,431,682,980,1510,1538,74,0,0,0.0,0.0,844,918,2,PT09M56.00S,2,PT08M42.00S,0,0,0,0,2.196,3.036,2.196,3.036,1997-11-01,0,0,1,1
29700021,9,1610612759,1610612739,219,251,422,764,781,431,682,980,1510,1538,139,0,0,0.0,0.0,918,1057,2,PT08M42.00S,2,PT06M23.00S,0,0,0,0,2.196,3.036,2.196,3.036,1997-11-01,0,0,1,1
29700021,10,1610612759,1610612739,219,251,422,781,1495,431,682,980,1507,1538,52,0,0,0.0,0.0,1057,1109,2,PT06M23.00S,2,PT05M31.00S,0,0,0,0,2.196,3.036,2.196,3.036,1997-11-01,0,0,1,1
29700021,11,1610612759,1610612739,219,251,422,781,1495,198,431,682,1507,1538,62,0,0,0.0,-1.603,1109,1171,2,PT05M31.00S,2,PT04M29.00S,0,0,0,0,2.196,3.036,2.196,1.433,1997-11-01,0,0,1,1
29700021,12,1610612759,1610612739,61,219,251,422,1495,198,431,445,682,1507,75,33,27,33.0,28.114,1171,1246,2,PT04M29.00S,2,PT03M14.00S,0,0,33,27,2.196,1.433,35.196,29.548,1997-11-01,0,0,1,1
29700021,13,1610612759,1610612739,61,219,251,422,764,198,431,445,682,1507,51,-33,-27,-33.0,-27.0,1246,1297,2,PT03M14.00S,2,PT02M23.00S,33,27,0,0,35.196,29.548,2.196,2.548,1997-11-01,0,0,1,1
29700021,14,1610612759,1610612739,61,219,251,422,764,431,445,682,958,1507,111,0,0,0.0,0.982,1297,1408,2,PT02M23.00S,2,PT00M32.00S,0,0,0,0,2.196,2.548,2.196,3.529,1997-11-01,0,0,1,1
29700021,15,1610612759,1610612739,219,251,422,764,990,431,445,682,958,1507,236,0,0,0.0,-1.433,1408,1644,2,PT00M32.00S,3,PT08M36.00S,0,0,0,0,2.196,3.529,2.196,2.096,1997-11-01,0,0,1,1
29700021,16,1610612759,1610612739,219,251,724,764,990,431,445,682,958,1507,24,0,0,0.0,0.0,1644,1668,3,PT08M36.00S,3,PT08M12.00S,0,0,0,0,2.196,2.096,2.196,2.096,1997-11-01,0,0,1,1
29700021,17,1610612759,1610612739,219,724,781,990,1114,198,445,958,1507,1510,163,-49,-53,-50.826,-53.66,1908,2071,3,PT04M12.00S,3,PT01M29.00S,49,53,0,0,52.173,56.276,1.347,2.616,1997-11-01,0,0,1,1
29700021,18,1610612759,1610612739,219,422,781,990,1114,198,445,958,1507,1510,67,57,58,57.0,59.023,2071,2138,3,PT01M29.00S,3,PT00M22.50S,0,0,57,58,1.347,2.616,58.347,61.639,1997-11-01,0,0,1,1
29700021,19,1610612759,1610612739,219,422,781,990,1114,198,445,1035,1507,1510,63,-57,-58,-57.0,-58.0,2138,2201,3,PT00M22.50S,4,PT11M19.00S,57,58,0,0,58.347,61.639,1.347,3.639,1997-11-01,0,0,1,1
29700021,20,1610612759,1610612739,219,422,781,1114,1495,198,445,1035,1507,1510,103,0,0,-1.617,-0.0,2201,2304,4,PT11M19.00S,4,PT09M36.00S,0,0,0,0,1.347,3.639,-0.27,3.639,1997-11-01,0,0,1,1
29700021,21,1610612759,1610612739,61,251,422,764,1114,198,431,445,1507,1510,42,64,64,64.0,64.0,2304,2346,4,PT09M36.00S,4,PT08M54.00S,0,0,64,64,-0.27,3.639,63.73,67.639,1997-11-01,0,0,1,1
29700021,22,1610612759,1610612739,61,251,422,764,1114,431,445,980,1507,1510,62,-64,-64,-64.0,-64.0,2346,2408,4,PT08M54.00S,4,PT07M52.00S,64,64,0,0,63.73,67.639,-0.27,3.639,1997-11-01,0,0,1,1
29700021,23,1610612759,1610612739,251,422,764,781,1114,431,445,980,1507,1510,131,0,0,0.0,1.18,2408,2539,4,PT07M52.00S,4,PT05M41.00S,0,0,0,0,-0.27,3.639,-0.27,4.82,1997-11-01,0,0,1,1
29700021,24,1610612759,1610612739,219,251,422,764,781,431,445,980,1507,1510,38,0,0,0.0,0.0,2539,2577,4,PT05M41.00S,4,PT05M03.00S,0,0,0,0,-0.27,4.82,-0.27,4.82,1997-11-01,0,0,1,1
29700022,0,1610612762,1610612743,204,252,458,731,935,179,341,677,1051,1517,325,0,0,1.155,0.0,0,325,1,PT12M00.00S,1,PT06M35.00S,0,0,0,0,0.0,0.0,1.155,0.0,1997-11-01,0,0,1,1
29700022,1,1610612762,1610612743,204,252,458,731,935,179,341,677,924,1051,52,0,0,1.148,0.975,325,377,1,PT06M35.00S,1,PT05M43.00S,0,0,0,0,1.155,0.0,2.303,0.975,1997-11-01,0,0,1,1
29700022,2,1610612762,1610612743,204,252,731,935,1521,179,341,677,924,1051,60,0,0,0.0,-0.0,377,437,1,PT05M43.00S,1,PT04M43.00S,0,0,0,0,2.303,0.975,2.303,0.975,1997-11-01,0,0,1,1
29700022,3,1610612762,1610612743,204,252,731,1000,1521,179,341,677,924,1051,27,14,16,14.0,16.0,437,464,1,PT04M43.00S,1,PT04M16.00S,0,0,14,16,2.303,0.975,16.303,16.975,1997-11-01,0,0,1,1
29700022,4,1610612762,1610612743,204,252,731,1000,1521,179,677,924,1051,1504,45,2,3,2.0,3.0,464,509,1,PT04M16.00S,1,PT03M31.00S,14,16,16,19,16.303,16.975,18.303,19.975,1997-11-01,0,0,1,1
29700022,5,1610612762,1610612743,204,252,323,1000,1521,179,271,924,968,1504,209,8,9,8.0,10.045,509,718,1,PT03M31.00S,1,PT00M02.20S,16,19,24,28,18.303,19.975,26.303,30.02,1997-11-01,0,0,1,1
29700022,6,1610612762,1610612743,204,252,323,458,1000,179,271,924,968,1504,58,-24,-28,-22.97,-28.0,718,776,1,PT00M02.20S,2,PT11M04.00S,24,28,0,0,26.303,30.02,3.333,2.02,1997-11-01,0,0,1,1
29700022,7,1610612762,1610612743,156,204,323,458,1000,179,271,924,968,1504,30,0,0,0.0,0.991,776,806,2,PT11M04.00S,2,PT10M34.00S,0,0,0,0,3.333,2.02,3.333,3.011,1997-11-01,0,0,1,1
29700022,8,1610612762,1610612743,156,204,323,458,1000,179,271,924,1051,1504,83,0,0,-0.726,0.0,806,889,2,PT10M34.00S,2,PT09M11.00S,0,0,0,0,3.333,3.011,2.607,3.011,1997-11-01,0,0,1,1
29700022,9,1610612762,1610612743,156,204,323,458,1000,179,677,1051,1504,1517,10,0,0,0.0,0.0,889,899,2,PT09M11.00S,2,PT09M01.00S,0,0,0,0,2.607,3.011,2.607,3.011,1997-11-01,0,0,1,1
29700022,10,1610612762,1610612743,156,204,458,731,1000,179,677,1051,1504,1517,220,0,0,0.0,0.0,899,1119,2,PT09M01.00S,2,PT05M21.00S,0,0,0,0,2.607,3.011,2.607,3.011,1997-11-01,0,0,1,1
29700022,11,1610612762,1610612743,156,204,458,731,1000,179,677,1051,1504,1517,33,0,0,0.0,0.0,1119,1152,2,PT05M21.00S,2,PT04M48.00S,0,0,0,0,2.607,3.011,2.607,3.011,1997-11-01,0,0,1,1
29700022,12,1610612762,1610612743,156,204,458,731,1000,179,677,968,1051,1517,103,0,0,0.0,0.0,1152,1255,2,PT04M48.00S,2,PT03M05.00S,0,0,0,0,2.607,3.011,2.607,3.011,1997-11-01,0,0,1,1
29700022,13,1610612762,1610612743,156,204,228,252,1521,271,924,1051,1504,1517,104,0,0,0.0,0.0,2271,2375,4,PT10M09.00S,4,PT08M25.00S,0,0,0,0,3.07,3.303,3.07,3.303,1997-11-01,0,0,1,1
29700023,0,1610612746,1610612757,239,699,915,919,1037,180,258,278,717,739,317,0,0,-2.351,1.087,0,317,1,PT12M00.00S,1,PT06M43.00S,0,0,0,0,0.0,0.0,-2.351,1.087,1997-11-01,0,0,1,1
29700023,1,1610612746,1610612757,239,699,915,919,1037,72,258,278,717,739,187,0,0,3.232,0.0,317,504,1,PT06M43.00S,1,PT03M36.00S,0,0,0,0,-2.351,1.087,0.881,1.087,1997-11-01,0,0,1,1
29700023,2,1610612746,1610612757,381,699,915,919,1037,72,278,717,739,979,18,0,0,0.0,0.0,504,522,1,PT03M36.00S,1,PT03M18.00S,0,0,0,0,0.881,1.087,0.881,1.087,1997-11-01,0,0,1,1
29700023,3,1610612746,1610612757,381,699,915,919,1037,72,278,355,717,979,139,19,18,19.981,19.02,522,661,1,PT03M18.00S,1,PT00M59.00S,0,0,19,18,0.881,1.087,20.862,20.106,1997-11-01,0,0,1,1
29700023,4,1610612746,1610612757,381,441,699,919,1037,72,278,355,717,979,7,-19,-18,-19.0,-18.0,661,668,1,PT00M59.00S,1,PT00M52.00S,19,18,0,0,20.862,20.106,1.862,2.106,1997-11-01,0,0,1,1
29700023,5,1610612746,1610612757,381,441,699,919,953,72,278,355,979,1509,179,0,0,0.0,0.0,668,847,1,PT00M52.00S,2,PT09M53.00S,0,0,0,0,1.862,2.106,1.862,2.106,1997-11-01,0,0,1,1
29700023,6,1610612746,1610612757,381,441,699,915,953,72,278,355,979,1509,129,25,28,27.117,28.0,847,976,2,PT09M53.00S,2,PT07M44.00S,0,0,25,28,1.862,2.106,28.979,30.106,1997-11-01,0,0,1,1
29700023,7,1610612746,1610612757,381,441,699,915,953,72,278,355,739,1509,33,-25,-28,-25.0,-28.0,976,1009,2,PT07M44.00S,2,PT07M11.00S,25,28,0,0,28.979,30.106,3.979,2.106,1997-11-01,0,0,1,1
29700023,8,1610612746,1610612757,71,381,441,915,953,180,278,355,739,1509,95,0,0,-1.673,0.0,1009,1104,2,PT07M11.00S,2,PT05M36.00S,0,0,0,0,3.979,2.106,2.306,2.106,1997-11-01,0,0,1,1
29700023,9,1610612746,1610612757,71,381,441,915,953,180,278,355,717,739,51,0,0,0.0,0.0,1104,1155,2,PT05M36.00S,2,PT04M45.00S,0,0,0,0,2.306,2.106,2.306,2.106,1997-11-01,0,0,1,1
29700023,10,1610612746,1610612757,71,381,441,919,953,180,278,355,717,739,32,34,37,34.0,38.046,1155,1187,2,PT04M45.00S,2,PT04M13.00S,0,0,34,37,2.306,2.106,36.306,40.153,1997-11-01,0,0,1,1
29700023,11,1610612746,1610612757,71,441,699,919,953,180,278,355,717,739,20,0,1,0.0,1.0,1187,1207,2,PT04M13.00S,2,PT03M53.00S,34,37,34,38,36.306,40.153,36.306,41.153,1997-11-01,0,0,1,1
29700023,12,1610612746,1610612757,71,441,699,919,1569,180,278,739,979,1509,353,0,0,-1.751,1.02,1619,1972,3,PT09M01.00S,3,PT03M08.00S,0,0,0,0,5.761,5.21,4.01,6.23,1997-11-01,0,0,1,1
29700023,13,1610612746,1610612757,71,441,699,919,1569,180,355,739,979,1509,60,0,0,0.0,-1.637,1972,2032,3,PT03M08.00S,3,PT02M08.00S,0,0,0,0,4.01,6.23,4.01,4.592,1997-11-01,0,0,1,1
29700024,0,1610612760,1610612742,56,96,452,760,765,234,714,762,920,1563,143,0,0,0.0,0.0,0,143,1,PT12M00.00S,1,PT09M37.00S,0,0,0,0,0.0,0.0,0.0,0.0,1997-11-01,0,0,1,1
29700024,1,1610612760,1610612742,56,64,96,452,765,192,714,762,920,1563,117,0,0,0.0,1.104,470,587,1,PT04M10.00S,1,PT02M13.00S,0,0,0,0,1.511,0.0,1.511,1.104,1997-11-01,0,0,1,1
29700024,2,1610612760,1610612742,56,64,96,107,452,192,714,762,920,1563,96,0,0,0.0,-0.0,587,683,1,PT02M13.00S,1,PT00M37.00S,0,0,0,0,1.511,1.104,1.511,1.104,1997-11-01,0,0,1,1
29700024,3,1610612760,1610612742,21,56,64,107,452,192,234,920,955,1563,82,-18,-14,-21.159,-14.0,683,765,1,PT00M37.00S,2,PT11M15.00S,18,14,0,0,19.511,15.104,-1.647,1.104,1997-11-01,0,0,1,1
29700024,4,1610612760,1610612742,21,29,56,64,107,192,234,714,762,955,153,0,0,0.0,1.007,765,918,2,PT11M15.00S,2,PT08M42.00S,0,0,0,0,-1.647,1.104,-1.647,2.111,1997-11-01,0,0,1,1
29700024,5,1610612760,1610612742,21,29,64,107,765,192,234,714,762,955,22,0,0,0.0,0.0,918,940,2,PT08M42.00S,2,PT08M20.00S,0,0,0,0,-1.647,2.111,-1.647,2.111,1997-11-01,0,0,1,1
29700024,6,1610612760,1610612742,21,29,64,107,765,93,234,714,762,955,26,0,0,0.0,0.0,940,966,2,PT08M20.00S,2,PT07M54.00S,0,0,0,0,-1.647,2.111,-1.647,2.111,1997-11-01,0,0,1,1
29700024,7,1610612760,1610612742,21,29,64,107,765,93,234,714,762,920,216,0,0,-1.575,1.232,966,1182,2,PT07M54.00S,2,PT04M18.00S,0,0,0,0,-1.647,2.111,-3.222,3.343,1997-11-01,0,0,1,1
29700024,8,1610612760,1610612742,21,96,107,452,765,93,714,762,920,1563,30,42,28,42.0,28.0,1182,1212,2,PT04M18.00S,2,PT03M48.00S,0,0,42,28,-3.222,3.343,38.778,31.343,1997-11-01,0,0,1,1
29700024,9,1610612760,1610612742,56,96,107,452,765,93,714,762,920,1563,81,-42,-28,-42.0,-28.0,1212,1293,2,PT03M48.00S,2,PT02M27.00S,42,28,0,0,38.778,31.343,-3.222,3.343,1997-11-01,0,0,1,1
29700024,10,1610612760,1610612742,56,96,452,760,765,93,714,762,920,1563,614,0,0,-3.222,-0.508,1293,1907,2,PT02M27.00S,3,PT04M13.00S,0,0,0,0,-3.222,3.343,-6.444,2.835,1997-11-01,0,0,1,1
29700024,11,1610612760,1610612742,56,64,107,452,765,93,714,762,920,1563,49,0,0,0.0,0.0,1907,1956,3,PT04M13.00S,3,PT03M24.00S,0,0,0,0,-6.444,2.835,-6.444,2.835,1997-11-01,0,0,1,1
29700024,12,1610612760,1610612742,56,64,107,452,765,93,714,920,955,1563,39,0,0,0.0,1.232,1956,1995,3,PT03M24.00S,3,PT02M45.00S,0,0,0,0,-6.444,2.835,-6.444,4.067,1997-11-01,0,0,1,1
29700024,13,1610612760,1610612742,29,56,64,107,765,93,714,920,955,1563,124,0,0,1.132,-0.415,1995,2119,3,PT02M45.00S,3,PT00M41.40S,0,0,0,0,-6.444,4.067,-5.312,3.651,1997-11-01,0,0,1,1
29700024,14,1610612760,1610612742,21,29,56,64,107,93,714,920,955,1563,38,0,0,0.0,0.0,2119,2157,3,PT00M41.40S,3,PT00M03.10S,0,0,0,0,-5.312,3.651,-5.312,3.651,1997-11-01,0,0,1,1
29700024,15,1610612760,1610612742,21,29,56,64,107,920,93,714,955,1563,31,0,0,0.997,0.0,2157,2188,3,PT00M03.10S,4,PT11M32.00S,0,0,0,0,-5.312,3.651,-4.315,3.651,1997-11-01,0,1,1,1
29700024,16,1610612760,1610612742,21,29,56,64,107,920,93,192,714,1563,59,0,0,1.033,0.0,2188,2247,4,PT11M32.00S,4,PT10M33.00S,0,0,0,0,-4.315,3.651,-3.282,3.651,1997-11-01,0,1,1,1
29700024,17,1610612760,1610612742,21,29,64,96,107,920,93,192,714,1563,165,0,0,0.0,1.104,2247,2412,4,PT10M33.00S,4,PT07M48.00S,0,0,0,0,-3.282,3.651,-3.282,4.756,1997-11-01,0,1,1,1
29700024,18,1610612760,1610612742,29,56,96,452,765,714,93,192,920,955,115,1,7,2.092,8.007,2559,2674,4,PT05M21.00S,4,PT03M26.00S,78,66,79,73,74.718,71.763,76.81,79.77,1997-11-01,0,1,1,1
29700024,19,1610612760,1610612742,29,56,96,452,765,192,93,714,920,955,146,-79,-73,-79.0,-71.768,2674,2820,4,PT03M26.00S,4,PT00M59.70S,79,73,0,0,76.81,79.77,-2.19,8.001,1997-11-01,0,1,1,1
29700024,20,1610612760,1610612742,29,56,96,452,765,93,714,762,920,1563,48,81,86,81.0,86.0,2820,2868,4,PT00M59.70S,4,PT00M12.30S,0,0,81,86,-2.19,8.001,78.81,94.001,1997-11-01,0,1,1,1
29700025,0,1610612763,1610612758,324,735,901,949,1498,63,178,182,310,782,223,0,0,-1.509,0.0,0,223,1,PT12M00.00S,1,PT08M17.00S,0,0,0,0,0.0,0.0,-1.509,0.0,1997-11-01,0,0,1,1
29700025,1,1610612763,1610612758,195,324,735,901,949,63,178,182,310,782,118,0,0,-0.0,0.0,223,341,1,PT08M17.00S,1,PT06M19.00S,0,0,0,0,-1.509,0.0,-1.509,0.0,1997-11-01,0,0,1,1
29700025,2,1610612763,1610612758,195,324,735,901,949,51,63,178,182,782,216,0,0,-1.661,0.0,341,557,1,PT06M19.00S,1,PT02M43.00S,0,0,0,0,-1.509,0.0,-3.171,0.0,1997-11-01,0,0,1,1
29700025,3,1610612763,1610612758,195,735,763,898,949,51,182,722,782,1565,142,0,0,0.0,0.971,557,699,1,PT02M43.00S,1,PT00M20.60S,0,0,0,0,-3.171,0.0,-3.171,0.971,1997-11-01,0,0,1,1
29700025,4,1610612763,1610612758,195,432,763,898,949,51,182,722,782,1565,180,0,0,0.0,-0.0,699,879,1,PT00M20.60S,2,PT09M21.00S,0,0,0,0,-3.171,0.971,-3.171,0.971,1997-11-01,0,0,1,1
29700025,5,1610612763,1610612758,195,432,763,898,949,51,63,143,722,1565,39,0,0,0.0,0.0,879,918,2,PT09M21.00S,2,PT08M42.00S,0,0,0,0,-3.171,0.971,-3.171,0.971,1997-11-01,0,0,1,1
29700025,6,1610612763,1610612758,432,763,898,949,1498,51,63,143,722,1565,34,0,0,0.0,0.0,918,952,2,PT08M42.00S,2,PT08M08.00S,0,0,0,0,-3.171,0.971,-3.171,0.971,1997-11-01,0,0,1,1
29700025,7,1610612763,1610612758,735,763,898,949,1498,51,63,143,722,1565,185,0,0,0.0,0.0,952,1137,2,PT08M08.00S,2,PT05M03.00S,0,0,0,0,-3.171,0.971,-3.171,0.971,1997-11-01,0,0,1,1
29700025,8,1610612763,1610612758,324,735,763,949,1498,51,63,143,722,1565,119,0,0,0.0,0.0,1137,1256,2,PT05M03.00S,2,PT03M04.00S,0,0,0,0,-3.171,0.971,-3.171,0.971,1997-11-01,0,0,1,1
29700025,9,1610612763,1610612758,324,735,763,949,1498,63,143,178,722,1533,53,0,0,0.0,0.0,1256,1309,2,PT03M04.00S,2,PT02M11.00S,0,0,0,0,-3.171,0.971,-3.171,0.971,1997-11-01,0,0,1,1
29700025,10,1610612763,1610612758,195,324,735,763,949,63,143,178,722,1533,39,42,49,42.0,49.0,1309,1348,2,PT02M11.00S,2,PT01M32.00S,0,0,42,49,-3.171,0.971,38.829,49.971,1997-11-01,0,0,1,1
29700025,11,1610612763,1610612758,195,324,735,763,949,143,178,722,1533,1575,76,8,2,8.0,2.902,1348,1424,2,PT01M32.00S,2,PT00M16.00S,42,49,50,51,38.829,49.971,46.829,52.872,1997-11-01,0,0,1,1
29700025,12,1610612763,1610612758,195,248,324,763,949,143,722,1533,1565,1575,19,0,0,0.0,0.0,1863,1882,3,PT04M57.00S,3,PT04M38.00S,69,72,69,72,62.408,72.206,62.408,72.206,1997-11-01,0,0,1,1
29700025,13,1610612763,1610612758,195,248,324,763,949,143,722,1533,1565,1575,113,-69,-72,-67.918,-70.96,1882,1995,3,PT04M38.00S,3,PT02M45.00S,69,72,0,0,62.408,72.206,-5.511,1.246,1997-11-01,0,0,1,1
29700025,14,1610612763,1610612758,195,248,324,763,949,143,182,722,1533,1575,162,0,0,-1.948,0.0,1995,2157,3,PT02M45.00S,3,PT00M02.60S,0,0,0,0,-5.511,1.246,-7.459,1.246,1997-11-01,0,0,1,1
29700025,15,1610612763,1610612758,195,248,324,735,763,143,182,722,1533,1575,3,0,0,0.0,0.0,2157,2160,3,PT00M02.60S,3,PT00M00.00S,0,0,0,0,-7.459,1.246,-7.459,1.246,1997-11-01,0,0,1,1
29700025,16,1610612763,1610612758,195,248,324,735,763,51,143,182,722,1575,114,0,0,0.0,0.0,2365,2479,4,PT08M35.00S,4,PT06M41.00S,0,0,0,0,-7.459,1.246,-7.459,1.246,1997-11-01,0,0,1,1
29700025,17,1610612763,1610612758,195,324,735,901,949,51,143,182,722,1575,40,85,84,83.276,84.0,2479,2519,4,PT06M41.00S,4,PT06M01.00S,0,0,85,84,-7.459,1.246,75.817,85.246,1997-11-01,0,0,1,1
29700025,18,1610612763,1610612758,195,324,735,901,949,63,143,182,782,1575,338,-85,-84,-83.954,-81.854,2519,2857,4,PT06M01.00S,4,PT00M23.20S,85,84,0,0,75.817,85.246,-8.137,3.391,1997-11-01,0,0,1,1
29700026,0,1610612738,1610612753,952,962,963,969,1500,98,157,270,358,786,117,0,6,0.0,4.253,0,117,1,PT12M00.00S,1,PT10M03.00S,0,0,0,6,0.0,0.0,0.0,4.253,1997-11-02,0,0,1,1
29700026,1,1610612738,1610612753,952,963,969,1497,1500,98,157,270,358,786,57,-2,-8,-2.0,-8.0,197,254,1,PT08M43.00S,1,PT07M46.00S,2,8,0,0,3.149,6.253,1.149,-1.747,1997-11-02,0,0,1,1
29700026,2,1610612738,1610612753,244,952,963,969,1497,98,157,270,358,786,25,0,0,0.0,0.0,254,279,1,PT07M46.00S,1,PT07M21.00S,0,0,0,0,1.149,-1.747,1.149,-1.747,1997-11-02,0,0,1,1
29700026,3,1610612738,1610612753,244,692,962,963,1497,98,157,270,358,786,83,0,0,0.409,0.0,279,362,1,PT07M21.00S,1,PT05M58.00S,0,0,0,0,1.149,-1.747,1.557,-1.747,1997-11-02,0,0,1,1
29700026,4,1610612738,1610612753,692,244,344,962,1477,358,400,448,786,899,9,-14,-20,-14.0,-20.0,627,636,1,PT01M33.00S,1,PT01M24.00S,14,20,0,0,15.557,18.253,1.557,-1.747,1997-11-02,1,0,1,1
29700026,5,1610612738,1610612753,692,244,344,962,1477,353,358,400,448,899,31,14,25,14.0,25.0,636,667,1,PT01M24.00S,1,PT00M52.80S,0,0,14,25,1.557,-1.747,15.557,23.253,1997-11-02,1,0,1,1
29700026,6,1610612738,1610612753,692,244,344,962,963,353,358,400,448,899,35,0,4,0.0,2.253,667,702,1,PT00M52.80S,1,PT00M18.50S,14,25,14,29,15.557,23.253,15.557,25.506,1997-11-02,1,0,1,1
29700026,7,1610612738,1610612753,344,244,962,963,1497,353,358,400,448,899,66,-14,-29,-14.0,-27.88,702,768,1,PT00M18.50S,2,PT11M12.00S,14,29,0,0,15.557,25.506,1.557,-2.374,1997-11-02,1,0,1,1
29700026,8,1610612738,1610612753,963,244,344,962,969,98,157,270,899,938,48,0,0,-1.821,1.12,1212,1260,2,PT03M48.00S,2,PT03M00.00S,0,0,0,0,-2.518,-2.374,-4.34,-1.255,1997-11-02,1,0,1,1
29700026,9,1610612738,1610612753,963,244,344,962,969,98,157,270,358,938,8,0,0,0.0,0.0,1260,1268,2,PT03M00.00S,2,PT02M52.00S,0,0,0,0,-4.34,-1.255,-4.34,-1.255,1997-11-02,1,0,1,1
29700026,10,1610612738,1610612753,962,244,344,692,1500,98,157,270,358,938,57,2,3,3.149,3.0,1268,1325,2,PT02M52.00S,2,PT01M55.00S,34,45,36,48,29.66,43.745,32.809,46.745,1997-11-02,1,0,1,1
29700026,11,1610612738,1610612753,962,244,344,692,1497,98,157,270,358,400,281,-36,-48,-32.697,-46.041,1325,1606,2,PT01M55.00S,3,PT09M14.00S,36,48,0,0,32.809,46.745,0.112,0.705,1997-11-02,1,0,1,1
29700026,12,1610612738,1610612753,962,244,344,692,1497,98,157,270,358,400,114,48,58,48.0,58.0,1606,1720,3,PT09M14.00S,3,PT07M20.00S,0,0,48,58,0.112,0.705,48.112,58.705,1997-11-02,1,0,1,1
29700026,13,1610612738,1610612753,344,244,952,969,1497,353,358,400,448,899,36,-49,-62,-47.995,-62.0,1849,1885,3,PT05M11.00S,3,PT04M35.00S,49,62,0,0,49.112,62.705,1.117,0.705,1997-11-02,1,0,1,1
29700026,14,1610612738,1610612753,344,244,692,952,1497,353,358,400,448,899,59,52,67,52.0,65.253,1885,1944,3,PT04M35.00S,3,PT03M36.00S,0,0,52,67,1.117,0.705,53.117,65.958,1997-11-02,1,0,1,1
29700026,15,1610612738,1610612753,344,244,692,952,1497,98,353,400,448,899,81,-52,-67,-52.0,-67.0,1944,2025,3,PT03M36.00S,3,PT02M15.00S,52,67,0,0,53.117,65.958,1.117,-1.042,1997-11-02,1,0,1,1
29700026,16,1610612738,1610612753,244,344,969,1477,1500,98,353,400,448,899,116,0,0,-0.816,-3.458,2300,2416,4,PT09M40.00S,4,PT07M44.00S,0,0,0,0,3.265,-1.67,2.449,-5.128,1997-11-02,1,0,1,1
29700027,0,1610612752,1610612765,121,275,369,891,913,3,183,255,283,907,395,12,7,12.974,7.0,0,395,1,PT12M00.00S,1,PT05M25.00S,0,0,12,7,0.0,0.0,12.974,7.0,1997-11-02,0,0,1,1
29700027,1,1610612752,1610612765,121,164,275,891,913,3,183,255,283,907,11,0,1,0.0,1.0,395,406,1,PT05M25.00S,1,PT05M14.00S,12,7,12,8,12.974,7.0,12.974,8.0,1997-11-02,0,0,1,1
29700027,2,1610612752,1610612765,121,164,275,891,913,3,183,243,255,283,46,0,2,0.0,2.0,406,452,1,PT05M14.00S,1,PT04M28.00S,12,8,12,10,12.974,8.0,12.974,10.0,1997-11-02,0,0,1,1
29700027,3,1610612752,1610612765,121,164,275,891,913,3,243,255,283,328,85,4,0,5.948,0.0,452,537,1,PT04M28.00S,1,PT03M03.00S,12,10,16,10,12.974,10.0,18.922,10.0,1997-11-02,0,0,1,1
29700027,4,1610612752,1610612765,121,164,317,891,913,3,243,255,283,328,105,2,2,2.0,2.0,537,642,1,PT03M03.00S,1,PT01M18.00S,16,10,18,12,18.922,10.0,20.922,12.0,1997-11-02,0,0,1,1
29700027,5,1610612752,1610612765,164,168,201,317,891,3,243,255,283,689,48,1,0,1.0,0.0,642,690,1,PT01M18.00S,1,PT00M29.70S,18,12,19,12,20.922,12.0,21.922,12.0,1997-11-02,0,0,1,1
29700027,6,1610612752,1610612765,164,168,201,317,891,3,243,255,689,966,25,3,2,1.256,2.0,690,715,1,PT00M29.70S,1,PT00M05.00S,19,12,22,14,21.922,12.0,23.178,14.0,1997-11-02,0,0,1,1
29700027,7,1610612752,1610612765,164,168,201,275,317,3,243,255,689,966,305,8,9,7.458,9.0,715,1020,1,PT00M05.00S,2,PT07M00.00S,22,14,30,23,23.178,14.0,30.636,23.0,1997-11-02,0,0,1,1
29700028,0,1610612758,1610612745,63,178,182,310,782,17,53,165,787,1074,526,0,0,0.0,-1.327,0,526,1,PT12M00.00S,1,PT03M14.00S,0,0,0,0,0.0,0.0,0.0,-1.327,1997-11-02,0,0,1,1
29700028,1,1610612758,1610612745,178,182,310,782,1444,17,53,85,165,787,15,0,0,0.0,0.0,526,541,1,PT03M14.00S,1,PT02M59.00S,0,0,0,0,0.0,-1.327,0.0,-1.327,1997-11-02,0,0,1,1
29700028,2,1610612758,1610612745,178,182,310,782,1444,17,53,85,787,788,83,0,0,0.0,0.0,541,624,1,PT02M59.00S,1,PT01M36.00S,0,0,0,0,0.0,-1.327,0.0,-1.327,1997-11-02,0,0,1,1
29700028,3,1610612758,1610612745,178,310,722,782,1444,17,53,85,787,788,168,0,0,1.4,1.085,624,792,1,PT01M36.00S,2,PT10M48.00S,0,0,0,0,0.0,-1.327,1.4,-0.242,1997-11-02,0,0,1,1
29700028,4,1610612758,1610612745,51,178,310,722,1444,17,53,85,787,788,206,0,0,-1.706,-0.0,792,998,2,PT10M48.00S,2,PT07M22.00S,0,0,0,0,1.4,-0.242,-0.306,-0.242,1997-11-02,0,0,1,1
29700028,5,1610612758,1610612745,63,178,182,310,782,17,53,165,787,1074,132,45,50,45.0,48.323,1277,1409,2,PT02M43.00S,2,PT00M31.00S,0,0,45,50,0.735,0.713,45.735,49.035,1997-11-02,0,0,1,1
29700028,6,1610612758,1610612745,63,178,182,310,782,17,53,787,788,1074,496,-45,-50,-45.0,-49.537,1409,1905,2,PT00M31.00S,3,PT04M15.00S,45,50,0,0,45.735,49.035,0.735,-0.502,1997-11-02,0,0,1,1
29700028,7,1610612758,1610612745,63,143,182,722,782,17,53,787,788,1074,7,0,0,0.0,0.0,1905,1912,3,PT04M15.00S,3,PT04M08.00S,0,0,0,0,0.735,-0.502,0.735,-0.502,1997-11-02,0,0,1,1
29700028,8,1610612758,1610612745,63,143,182,722,782,17,53,787,788,1074,339,0,0,-1.615,-0.883,1912,2251,3,PT04M08.00S,4,PT10M29.00S,0,0,0,0,0.735,-0.502,-0.881,-1.385,1997-11-02,0,0,1,1
29700028,9,1610612758,1610612745,63,143,722,782,1565,17,53,787,788,1074,224,0,0,0.0,-3.311,2251,2475,4,PT10M29.00S,4,PT06M45.00S,0,0,0,0,-0.881,-1.385,-0.881,-4.696,1997-11-02,0,0,1,1
29700028,10,1610612758,1610612745,51,63,182,782,1565,17,53,787,788,1074,87,0,0,0.901,0.0,2759,2846,4,PT02M01.00S,4,PT00M34.20S,0,0,0,0,0.211,-3.666,1.112,-3.666,1997-11-02,0,0,1,1
29700028,11,1610612758,1610612745,51,63,182,782,1575,17,53,787,788,1074,34,77,93,77.968,93.0,2846,2880,4,PT00M34.20S,4,PT00M00.00S,0,0,77,93,1.112,-3.666,79.081,89.334,1997-11-02,0,0,1,1
29700029,0,1610612748,1610612766,136,469,702,896,1134,124,133,193,779,1133,442,16,17,16.0,17.0,0,442,1,PT12M00.00S,1,PT04M38.00S,0,0,16,17,0.0,0.0,16.0,17.0,1997-11-03,0,0,1,1
29700029,1,1610612748,1610612766,136,469,702,896,1134,133,193,761,779,1133,62,-16,-17,-16.0,-17.0,442,504,1,PT04M38.00S,1,PT03M36.00S,16,17,0,0,16.0,17.0,0.0,0.0,1997-11-03,0,0,1,1
29700029,2,1610612748,1610612766,136,469,702,785,1134,133,193,209,761,1108,42,0,0,0.0,0.0,504,546,1,PT03M36.00S,1,PT02M54.00S,0,0,0,0,0.0,0.0,0.0,0.0,1997-11-03,0,0,1,1
29700029,3,1610612748,1610612766,136,371,469,702,785,133,209,462,761,1108,33,0,0,0.0,0.0,546,579,1,PT02M54.00S,1,PT02M21.00S,0,0,0,0,0.0,0.0,0.0,0.0,1997-11-03,0,0,1,1
29700029,4,1610612748,1610612766,105,371,469,785,1110,133,209,462,761,1108,53,-19,-23,-17.999,-23.0,579,632,1,PT02M21.00S,1,PT01M28.00S,19,23,0,0,19.0,23.0,1.001,0.0,1997-11-03,0,0,1,1
29700029,5,1610612748,1610612766,105,371,469,785,1110,209,462,761,960,1108,204,0,0,2.074,0.447,632,836,1,PT01M28.00S,2,PT10M04.00S,0,0,0,0,1.001,0.0,3.075,0.447,1997-11-03,0,0,1,1
29700029,6,1610612748,1610612766,105,371,785,896,1110,133,209,462,761,779,18,0,0,0.0,0.0,836,854,2,PT10M04.00S,2,PT09M46.00S,0,0,0,0,3.075,0.447,3.075,0.447,1997-11-03,0,0,1,1
29700029,7,1610612748,1610612766,105,371,785,896,1110,133,193,209,761,779,120,0,0,2.021,0.0,854,974,2,PT09M46.00S,2,PT07M46.00S,0,0,0,0,3.075,0.447,5.096,0.447,1997-11-03,0,0,1,1
29700029,8,1610612748,1610612766,105,785,896,1110,1134,133,193,209,761,779,154,0,0,0.0,-1.02,974,1128,2,PT07M46.00S,2,PT05M12.00S,0,0,0,0,5.096,0.447,5.096,-0.573,1997-11-03,0,0,1,1
29700029,9,1610612748,1610612766,136,173,785,896,1134,124,133,193,779,1133,72,0,0,1.02,1.208,1128,1200,2,PT05M12.00S,2,PT04M00.00S,0,0,0,0,5.096,-0.573,6.115,0.635,1997-11-03,0,0,1,1
29700029,10,1610612748,1610612766,136,173,702,896,1134,124,133,193,779,1133,9,0,0,0.0,0.0,1200,1209,2,PT04M00.00S,2,PT03M51.00S,0,0,0,0,6.115,0.635,6.115,0.635,1997-11-03,0,0,1,1
29700029,11,1610612748,1610612766,136,173,702,785,1134,124,133,193,779,1133,71,0,0,0.0,0.0,1209,1280,2,PT03M51.00S,2,PT02M40.00S,0,0,0,0,6.115,0.635,6.115,0.635,1997-11-03,0,0,1,1
29700029,12,1610612748,1610612766,173,469,702,785,1134,124,133,193,779,1133,23,0,0,0.0,0.0,1280,1303,2,PT02M40.00S,2,PT02M17.00S,0,0,0,0,6.115,0.635,6.115,0.635,1997-11-03,0,0,1,1
29700029,13,1610612748,1610612766,173,469,702,785,1134,124,133,193,1108,1133,408,46,61,49.153,60.444,1303,1711,2,PT02M17.00S,3,PT07M29.00S,0,0,46,61,6.115,0.635,55.268,61.079,1997-11-03,0,0,1,1
29700029,14,1610612748,1610612766,173,469,702,785,1134,124,133,761,1108,1133,16,-46,-61,-46.0,-61.0,1711,1727,3,PT07M29.00S,3,PT07M13.00S,46,61,0,0,55.268,61.079,9.268,0.079,1997-11-03,0,0,1,1
29700029,15,1610612748,1610612766,173,469,702,785,1134,124,133,209,761,1108,88,49,62,49.0,62.0,1727,1815,3,PT07M13.00S,3,PT05M45.00S,0,0,49,62,9.268,0.079,58.268,62.079,1997-11-03,0,0,1,1
29700029,16,1610612748,1610612766,103,173,702,785,1110,462,761,960,1108,1133,4,99,112,99.0,112.0,2876,2880,4,PT00M04.00S,4,PT00M00.00S,0,0,99,112,8.618,-0.82,107.618,111.18,1997-11-03,0,0,1,1
29700030,0,1610612741,1610612759,26,166,679,753,893,219,251,422,764,1495,178,0,0,0.0,0.0,0,178,1,PT12M00.00S,1,PT09M02.00S,0,0,0,0,0.0,0.0,0.0,0.0,1997-11-03,0,0,1,1
29700030,1,1610612741,1610612759,23,26,166,753,893,219,251,422,764,1495,193,0,0,1.836,0.0,178,371,1,PT09M02.00S,1,PT05M49.00S,0,0,0,0,0.0,0.0,1.836,0.0,1997-11-03,0,0,1,1
29700030,2,1610612741,1610612759,23,26,70,753,893,219,251,422,764,1495,15,0,0,0.0,0.0,371,386,1,PT05M49.00S,1,PT05M34.00S,0,0,0,0,1.836,0.0,1.836,0.0,1997-11-03,0,0,1,1
29700030,3,1610612741,1610612759,23,26,70,753,893,42,219,422,764,1495,12,0,0,0.0,0.0,386,398,1,PT05M34.00S,1,PT05M22.00S,0,0,0,0,1.836,0.0,1.836,0.0,1997-11-03,0,0,1,1
29700030,4,1610612741,1610612759,23,26,70,753,893,42,219,724,781,1495,63,0,0,0.0,0.0,398,461,1,PT05M22.00S,1,PT04M19.00S,0,0,0,0,1.836,0.0,1.836,0.0,1997-11-03,0,0,1,1
29700030,5,1610612741,1610612759,23,70,170,753,893,42,219,724,781,1495,15,0,0,-1.487,0.0,461,476,1,PT04M19.00S,1,PT04M04.00S,0,0,0,0,1.836,0.0,0.349,0.0,1997-11-03,0,0,1,1
29700030,6,1610612741,1610612759,23,70,170,389,893,42,219,724,781,1495,221,0,0,0.0,0.0,476,697,1,PT04M04.00S,1,PT00M22.60S,0,0,0,0,0.349,0.0,0.349,0.0,1997-11-03,0,0,1,1
29700030,7,1610612741,1610612759,23,70,146,389,893,42,251,724,781,1495,162,0,0,-1.853,1.489,697,859,1,PT00M22.60S,2,PT09M41.00S,0,0,0,0,0.349,0.0,-1.504,1.489,1997-11-03,0,0,1,1
29700030,8,1610612741,1610612759,23,70,146,389,893,219,251,422,781,1495,226,0,0,0.855,0.0,859,1085,2,PT09M41.00S,2,PT05M55.00S,0,0,0,0,-1.504,1.489,-0.649,1.489,1997-11-03,0,0,1,1
29700030,9,1610612741,1610612759,23,26,70,389,893,42,219,422,781,1495,196,0,0,0.0,0.0,1205,1401,2,PT03M55.00S,2,PT00M39.00S,0,0,0,0,-2.33,1.489,-2.33,1.489,1997-11-03,0,0,1,1
29700030,10,1610612741,1610612759,23,26,70,389,893,42,61,251,724,781,4,0,0,0.0,0.0,1401,1405,2,PT00M39.00S,2,PT00M34.90S,0,0,0,0,-2.33,1.489,-2.33,1.489,1997-11-03,0,0,1,1
29700030,11,1610612741,1610612759,26,70,146,389,893,42,61,251,724,781,4,0,0,0.0,0.0,1405,1409,2,PT00M34.90S,2,PT00M30.90S,0,0,0,0,-2.33,1.489,-2.33,1.489,1997-11-03,0,0,1,1
29700030,12,1610612741,1610612759,23,26,70,146,893,42,61,251,724,781,237,0,0,1.219,0.0,1409,1646,2,PT00M30.90S,3,PT08M34.00S,0,0,0,0,-2.33,1.489,-1.111,1.489,1997-11-03,0,0,1,1
29700030,13,1610612741,1610612759,23,26,70,146,893,42,61,724,781,1114,72,0,0,0.0,0.0,1674,1746,3,PT08M06.00S,3,PT06M54.00S,0,0,0,0,-1.111,1.489,-1.111,1.489,1997-11-03,0,0,1,1
29700030,14,1610612741,1610612759,23,26,70,146,893,42,61,724,781,1114,108,0,0,-1.88,0.0,1746,1854,3,PT06M54.00S,3,PT05M06.00S,0,0,0,0,-1.111,1.489,-2.991,1.489,1997-11-03,0,0,1,1
29700030,15,1610612741,1610612759,70,166,170,679,893,422,724,764,1114,1495,10,87,83,87.0,84.011,3470,3480,6,PT00M10.20S,6,PT00M00.00S,0,0,87,83,-2.182,5.423,84.818,89.434,1997-11-03,0,0,1,1
29700031,0,1610612762,1610612764,204,252,458,731,935,31,185,384,393,436,354,0,0,-1.371,-1.543,0,354,1,PT12M00.00S,1,PT06M06.00S,0,0,0,0,0.0,0.0,-1.371,-1.543,1997-11-03,0,0,1,1
29700031,1,1610612762,1610612764,204,252,458,731,935,185,265,384,393,436,86,0,0,1.149,0.0,354,440,1,PT06M06.00S,1,PT04M40.00S,0,0,0,0,-1.371,-1.543,-0.222,-1.543,1997-11-03,0,0,1,1
29700031,2,1610612762,1610612764,204,252,731,935,1521,145,185,265,393,436,178,26,20,27.149,20.0,440,618,1,PT04M40.00S,1,PT01M42.00S,0,0,26,20,-0.222,-1.543,26.926,18.457,1997-11-03,0,0,1,1
29700031,3,1610612762,1610612764,204,252,731,935,1521,43,145,185,265,436,83,3,2,3.0,2.0,618,701,1,PT01M42.00S,1,PT00M18.70S,26,20,29,22,26.926,18.457,29.926,20.457,1997-11-03,0,0,1,1
29700031,4,1610612762,1610612764,252,731,935,1000,1521,43,145,185,265,436,46,-29,-22,-29.0,-18.833,701,747,1,PT00M18.70S,2,PT11M33.00S,29,22,0,0,29.926,20.457,0.926,1.624,1997-11-03,0,0,1,1
