game_id,stint_index,home_id,away_id,home_p1,home_p2,home_p3,home_p4,home_p5,away_p1,away_p2,away_p3,away_p4,away_p5,seconds,home_pts,away_pts,home_pts_adj,away_pts_adj,start_elapsed,end_elapsed,start_period,start_clock,end_period,end_clock,start_home_score,start_away_score,end_home_score,end_away_score,start_home_score_adj,start_away_score_adj,end_home_score_adj,end_away_score_adj,date,home_inferred_count,away_inferred_count,home_lineup_complete,away_lineup_complete
29800001,0,1610612738,1610612761,72,952,1499,1500,1718,57,788,891,1541,1713,298,8,9,8.0,9.0,0,298,1,PT12M00.00S,1,PT07M02.00S,0,0,8,9,0.0,0.0,8.0,9.0,1999-02-05,0,0,1,1
29800001,1,1610612738,1610612761,35,72,952,1477,1718,57,244,788,891,1713,158,-8,-9,-9.503,-6.866,298,456,1,PT07M02.00S,1,PT04M24.00S,8,9,0,0,8.0,9.0,-1.503,2.134,1999-02-05,0,0,1,1
29800001,2,1610612738,1610612761,35,344,952,1477,1718,57,244,788,891,1713,33,0,0,0.0,0.0,456,489,1,PT04M24.00S,1,PT03M51.00S,0,0,0,0,-1.503,2.134,-1.503,2.134,1999-02-05,0,0,1,1
29800001,3,1610612738,1610612761,35,344,962,1477,1718,57,244,788,1073,1713,15,20,15,21.002,15.0,489,504,1,PT03M51.00S,1,PT03M36.00S,0,0,20,15,-1.503,2.134,19.499,17.134,1999-02-05,0,0,1,1
29800001,4,1610612738,1610612761,35,65,344,962,1477,57,244,788,1073,1713,109,-20,-15,-18.885,-15.0,504,613,1,PT03M36.00S,1,PT01M47.00S,20,15,0,0,19.499,17.134,0.614,2.134,1999-02-05,0,0,1,1
29800001,5,1610612738,1610612761,35,65,344,962,1477,244,788,1073,1503,1541,32,24,19,24.0,19.0,613,645,1,PT01M47.00S,1,PT01M15.00S,0,0,24,19,0.614,2.134,24.614,21.134,1999-02-05,0,0,1,1
29800001,6,1610612738,1610612761,35,344,952,1477,1500,244,788,1073,1503,1541,14,0,2,0.0,2.0,645,659,1,PT01M15.00S,1,PT01M01.00S,24,19,24,21,24.614,21.134,24.614,23.134,1999-02-05,0,0,1,1
29800001,7,1610612738,1610612761,35,65,344,952,1500,244,891,1073,1503,1541,41,-24,-21,-24.0,-21.0,659,700,1,PT01M01.00S,1,PT00M19.90S,24,21,0,0,24.614,23.134,0.614,2.134,1999-02-05,0,0,1,1
29800001,8,1610612738,1610612761,35,65,72,344,952,244,891,1073,1503,1541,138,28,27,27.175,27.0,700,838,1,PT00M19.90S,2,PT10M02.00S,0,0,28,27,0.614,2.134,27.789,29.134,1999-02-05,0,0,1,1
29800001,9,1610612738,1610612761,35,65,72,344,952,244,891,1073,1503,1541,16,-28,-27,-28.0,-27.0,838,854,2,PT10M02.00S,2,PT09M46.00S,28,27,0,0,27.789,29.134,-0.211,2.134,1999-02-05,0,0,1,1
29800001,10,1610612738,1610612761,35,72,344,952,1718,57,244,891,1073,1541,116,0,0,0.0,0.0,854,970,2,PT09M46.00S,2,PT07M50.00S,0,0,0,0,-0.211,2.134,-0.211,2.134,1999-02-05,0,0,1,1
29800001,11,1610612738,1610612761,65,344,952,962,1831,244,788,1073,1503,1541,65,-41,-54,-42.885,-54.0,1348,1413,2,PT01M32.00S,2,PT00M27.00S,41,54,0,0,41.048,58.351,-1.837,4.351,1999-02-05,0,0,1,1
29800001,12,1610612738,1610612761,65,344,952,962,1831,244,788,1073,1541,1713,253,0,0,-4.525,-0.864,1413,1666,2,PT00M27.00S,3,PT08M14.00S,0,0,0,0,-1.837,4.351,-6.362,3.487,1999-02-05,0,0,1,1
29800001,13,1610612738,1610612761,65,344,952,962,1831,244,788,1073,1541,1713,24,0,0,0.0,0.0,1666,1690,3,PT08M14.00S,3,PT07M50.00S,0,0,0,0,-6.362,3.487,-6.362,3.487,1999-02-05,0,0,1,1
29800002,0,1610612753,1610612752,98,270,358,448,1134,84,121,275,369,913,362,11,11,11.318,12.279,0,362,1,PT12M00.00S,1,PT05M58.00S,0,0,11,11,0.0,0.0,11.318,12.279,1999-02-05,0,0,1,1
29800002,1,1610612753,1610612752,98,270,358,448,1134,121,275,369,703,913,103,2,4,2.993,4.0,362,465,1,PT05M58.00S,1,PT04M15.00S,11,11,13,15,11.318,12.279,14.312,16.279,1999-02-05,0,0,1,1
29800002,2,1610612753,1610612752,270,353,358,448,1720,121,164,275,703,913,94,4,2,4.0,0.245,465,559,1,PT04M15.00S,1,PT02M41.00S,13,15,17,17,14.312,16.279,18.312,16.525,1999-02-05,0,0,1,1
29800002,3,1610612753,1610612752,270,353,358,448,1720,84,164,201,703,913,31,0,0,0.0,0.0,559,590,1,PT02M41.00S,1,PT02M10.00S,17,17,17,17,18.312,16.525,18.312,16.525,1999-02-05,0,0,1,1
29800002,4,1610612753,1610612752,270,353,358,1720,1723,84,164,201,703,913,31,0,1,0.0,2.031,590,621,1,PT02M10.00S,1,PT01M39.00S,17,17,17,18,18.312,16.525,18.312,18.555,1999-02-05,0,0,1,1
29800002,5,1610612753,1610612752,353,358,400,1720,1723,84,164,201,703,913,297,10,7,10.0,7.0,621,918,1,PT01M39.00S,2,PT08M42.00S,17,18,27,25,18.312,18.555,28.312,25.555,1999-02-05,0,0,1,1
29800002,6,1610612753,1610612752,353,358,400,1720,1723,84,121,164,201,913,58,1,2,1.0,2.0,918,976,2,PT08M42.00S,2,PT07M44.00S,27,25,28,27,28.312,25.555,29.312,27.555,1999-02-05,0,0,1,1
29800002,7,1610612753,1610612752,353,358,400,448,1720,121,275,369,703,913,165,6,7,6.0,7.0,1256,1421,2,PT03M04.00S,2,PT00M19.20S,40,37,46,44,41.312,38.586,47.312,45.586,1999-02-05,0,0,1,1
29800002,8,1610612753,1610612752,353,358,400,448,1720,913,121,275,369,703,339,7,8,4.398,10.232,1421,1760,2,PT00M19.20S,3,PT06M40.00S,46,44,53,52,47.312,45.586,51.709,55.818,1999-02-05,0,1,1,1
29800002,9,1610612753,1610612752,353,358,400,448,1720,913,121,275,369,703,56,2,3,2.0,3.0,1760,1816,3,PT06M40.00S,3,PT05M44.00S,53,52,55,55,51.709,55.818,53.709,58.818,1999-02-05,0,1,1,1
29800002,10,1610612753,1610612752,353,358,400,1720,1723,913,121,275,369,703,84,2,0,2.0,1.279,1816,1900,3,PT05M44.00S,3,PT04M20.00S,55,55,57,55,53.709,58.818,55.709,60.097,1999-02-05,0,1,1,1
29800003,0,1610612748,1610612765,105,136,297,469,896,183,247,255,283,919,317,0,0,1.003,1.07,0,317,1,PT12M00.00S,1,PT06M43.00S,0,0,0,0,0.0,0.0,1.003,1.07,1999-02-05,0,0,1,1
29800003,1,1610612748,1610612765,105,136,297,469,896,247,255,283,690,919,179,0,0,-0.689,-1.637,317,496,1,PT06M43.00S,1,PT03M44.00S,0,0,0,0,1.003,1.07,0.314,-0.567,1999-02-05,0,0,1,1
29800003,2,1610612748,1610612765,136,297,345,469,896,255,283,690,711,919,84,17,22,17.0,22.0,496,580,1,PT03M44.00S,1,PT02M20.00S,0,0,17,22,0.314,-0.567,17.314,21.433,1999-02-05,0,0,1,1
29800003,3,1610612748,1610612765,136,345,469,896,1110,255,283,690,711,919,53,-17,-22,-15.898,-21.03,580,633,1,PT02M20.00S,1,PT01M27.00S,17,22,0,0,17.314,21.433,1.416,0.403,1999-02-05,0,0,1,1
29800003,4,1610612748,1610612765,136,345,469,896,1110,247,283,690,711,966,171,0,0,0.0,-1.14,633,804,1,PT01M27.00S,2,PT10M36.00S,0,0,0,0,1.416,0.403,1.416,-0.736,1999-02-05,0,0,1,1
29800003,5,1610612748,1610612765,105,136,345,469,1110,247,283,690,711,966,46,0,0,0.0,0.0,804,850,2,PT10M36.00S,2,PT09M50.00S,0,0,0,0,1.416,-0.736,1.416,-0.736,1999-02-05,0,0,1,1
29800003,6,1610612748,1610612765,105,136,345,469,1110,247,690,711,966,1855,115,0,0,0.0,0.0,850,965,2,PT09M50.00S,2,PT07M55.00S,0,0,0,0,1.416,-0.736,1.416,-0.736,1999-02-05,0,0,1,1
29800003,7,1610612748,1610612765,173,345,469,896,1110,146,247,690,711,966,195,0,0,-0.59,-0.657,2001,2196,3,PT02M39.00S,4,PT11M24.00S,0,0,0,0,-2.098,-5.169,-2.688,-5.826,1999-02-05,0,0,1,1
29800004,0,1610612766,1610612755,133,184,456,462,934,248,689,727,761,947,386,0,0,-5.022,1.05,0,386,1,PT12M00.00S,1,PT05M34.00S,0,0,0,0,0.0,0.0,-5.022,1.05,1999-02-05,0,0,1,1
29800004,1,1610612766,1610612755,133,184,456,462,934,265,689,727,761,947,9,12,11,12.0,11.0,386,395,1,PT05M34.00S,1,PT05M25.00S,0,0,12,11,-5.022,1.05,6.978,12.05,1999-02-05,0,0,1,1
29800004,2,1610612766,1610612755,133,184,456,462,934,265,281,689,727,947,76,-12,-11,-12.0,-12.657,395,471,1,PT05M25.00S,1,PT04M09.00S,12,11,0,0,6.978,12.05,-5.022,-0.608,1999-02-05,0,0,1,1
29800004,3,1610612766,1610612755,133,184,359,462,934,243,265,281,761,947,64,-13,-17,-11.926,-15.95,471,535,1,PT04M09.00S,1,PT03M05.00S,13,17,0,0,7.978,16.392,-3.947,0.442,1999-02-05,0,0,1,1
29800004,4,1610612766,1610612755,184,341,359,695,934,243,265,281,761,1716,82,0,0,-0.0,0.0,535,617,1,PT03M05.00S,1,PT01M43.00S,0,0,0,0,-3.947,0.442,-3.947,0.442,1999-02-05,0,0,1,1
29800004,5,1610612766,1610612755,341,359,462,695,1729,243,265,281,761,1716,87,17,26,17.0,24.293,617,704,1,PT01M43.00S,1,PT00M16.20S,0,0,17,26,-3.947,0.442,13.053,24.735,1999-02-05,0,0,1,1
29800004,6,1610612766,1610612755,341,359,462,695,1729,243,265,281,947,1716,76,-17,-26,-18.62,-24.95,704,780,1,PT00M16.20S,2,PT11M00.00S,17,26,0,0,13.053,24.735,-5.568,-0.215,1999-02-05,0,0,1,1
29800004,7,1610612766,1610612755,341,359,695,1576,1729,243,265,281,947,1716,22,0,0,0.0,0.0,780,802,2,PT11M00.00S,2,PT10M38.00S,0,0,0,0,-5.568,-0.215,-5.568,-0.215,1999-02-05,0,0,1,1
29800004,8,1610612766,1610612755,359,695,934,1576,1729,243,265,947,1716,1745,69,0,0,-1.585,0.0,802,871,2,PT10M38.00S,2,PT09M29.00S,0,0,0,0,-5.568,-0.215,-7.153,-0.215,1999-02-05,0,0,1,1
29800004,9,1610612766,1610612755,359,695,934,1576,1729,265,689,727,947,1716,111,0,0,0.0,0.0,871,982,2,PT09M29.00S,2,PT07M38.00S,0,0,0,0,-7.153,-0.215,-7.153,-0.215,1999-02-05,0,0,1,1
29800004,10,1610612766,1610612755,133,184,456,934,1576,248,689,727,947,1716,102,0,0,-0.603,0.0,982,1084,2,PT07M38.00S,2,PT05M56.00S,0,0,0,0,-7.153,-0.215,-7.756,-0.215,1999-02-05,0,0,1,1
29800004,11,1610612766,1610612755,133,184,456,462,934,243,689,727,761,1716,74,0,0,1.092,0.0,1226,1300,2,PT03M34.00S,2,PT02M20.00S,0,0,0,0,-7.756,-1.832,-6.664,-1.832,1999-02-05,0,0,1,1
29800004,12,1610612766,1610612755,133,184,456,462,934,243,248,689,727,1716,34,0,0,0.0,0.0,1300,1334,2,PT02M20.00S,2,PT01M46.00S,0,0,0,0,-6.664,-1.832,-6.664,-1.832,1999-02-05,0,0,1,1
29800004,13,1610612766,1610612755,133,184,456,462,934,243,248,689,727,947,23,0,0,0.0,0.0,1334,1357,2,PT01M46.00S,2,PT01M23.00S,0,0,0,0,-6.664,-1.832,-6.664,-1.832,1999-02-05,0,0,1,1
29800004,14,1610612766,1610612755,133,184,456,462,934,243,265,689,727,947,58,0,0,-0.0,1.133,1357,1415,2,PT01M23.00S,2,PT00M24.60S,0,0,0,0,-6.664,-1.832,-6.664,-0.699,1999-02-05,0,0,1,1
29800004,15,1610612766,1610612755,133,184,456,462,934,243,265,689,727,1716,25,0,0,0.0,0.0,1415,1440,2,PT00M24.60S,2,PT00M00.00S,0,0,0,0,-6.664,-0.699,-6.664,-0.699,1999-02-05,0,0,1,1
29800004,16,1610612766,1610612755,133,184,456,462,934,243,265,281,727,1716,161,43,48,43.0,48.0,1440,1601,2,PT00M00.00S,3,PT09M19.00S,0,0,43,48,-6.664,-0.699,36.336,47.301,1999-02-05,0,0,1,1
29800004,17,1610612766,1610612755,133,184,456,462,934,243,265,281,727,1716,210,-43,-48,-41.908,-48.0,1601,1811,3,PT09M19.00S,3,PT05M49.00S,43,48,0,0,36.336,47.301,-5.573,-0.699,1999-02-05,0,0,1,1
29800004,18,1610612766,1610612755,133,184,456,462,1576,243,265,281,727,1716,158,0,0,0.0,0.0,1811,1969,3,PT05M49.00S,3,PT03M11.00S,0,0,0,0,-5.573,-0.699,-5.573,-0.699,1999-02-05,0,0,1,1
29800004,19,1610612766,1610612755,133,456,462,934,1729,243,265,281,1501,1716,33,0,0,0.0,1.079,1993,2026,3,PT02M47.00S,3,PT02M14.00S,0,0,0,0,-5.573,-0.699,-5.573,0.38,1999-02-05,0,0,1,1
29800004,20,1610612766,1610612755,133,359,462,934,1729,243,265,281,1501,1716,1,53,55,53.0,55.0,2026,2027,3,PT02M14.00S,3,PT02M13.00S,0,0,53,55,-5.573,0.38,47.427,55.38,1999-02-05,0,0,1,1
29800004,21,1610612766,1610612755,133,359,462,934,1729,243,281,727,1501,1716,44,0,0,0.0,-1.43,2059,2103,3,PT01M41.00S,3,PT00M57.30S,0,0,0,0,-5.573,0.38,-5.573,-1.05,1999-02-05,0,0,1,1
29800004,22,1610612766,1610612755,133,359,456,1576,1729,243,248,281,727,1716,121,0,0,0.0,1.0,2152,2273,3,PT00M07.80S,4,PT10M07.00S,0,0,0,0,-5.573,-0.17,-5.573,0.83,1999-02-05,0,0,1,1
29800004,23,1610612766,1610612755,133,359,456,1576,1729,243,265,281,947,1716,136,0,0,1.087,2.267,2273,2409,4,PT10M07.00S,4,PT07M51.00S,0,0,0,0,-5.573,0.83,-4.486,3.097,1999-02-05,0,0,1,1
29800004,24,1610612766,1610612755,133,359,456,1576,1729,248,281,689,947,1716,31,59,66,59.0,66.0,2409,2440,4,PT07M51.00S,4,PT07M20.00S,0,0,59,66,-4.486,3.097,54.514,69.097,1999-02-05,0,0,1,1
29800004,25,1610612766,1610612755,133,359,456,462,934,248,281,689,947,1716,100,0,0,0.0,0.0,2459,2559,4,PT07M01.00S,4,PT05M21.00S,0,0,0,0,-4.486,3.097,-4.486,3.097,1999-02-05,0,0,1,1
29800004,26,1610612766,1610612755,133,184,456,462,934,248,281,689,947,1716,14,0,0,0.0,0.0,2583,2597,4,PT04M57.00S,4,PT04M43.00S,0,0,0,0,-4.486,3.097,-4.486,3.097,1999-02-05,0,0,1,1
29800004,27,1610612766,1610612755,133,184,456,462,934,265,281,689,947,1716,146,0,0,2.024,0.0,2597,2743,4,PT04M43.00S,4,PT02M17.00S,0,0,0,0,-4.486,3.097,-2.462,3.097,1999-02-05,0,0,1,1
29800004,28,1610612766,1610612755,133,184,456,462,934,248,265,281,727,947,23,60,75,60.0,75.0,2743,2766,4,PT02M17.00S,4,PT01M54.00S,0,0,60,75,-2.462,3.097,57.538,78.097,1999-02-05,0,0,1,1
29800005,0,1610612737,1610612739,87,111,120,302,673,431,445,980,1510,1538,437,12,13,10.328,13.0,0,437,1,PT12M00.00S,1,PT04M43.00S,0,0,12,13,0.0,0.0,10.328,13.0,1999-02-05,0,0,1,1
29800005,1,1610612737,1610612739,87,111,120,302,673,271,431,445,980,1510,26,-12,-13,-12.0,-13.0,437,463,1,PT04M43.00S,1,PT04M17.00S,12,13,0,0,10.328,13.0,-1.672,0.0,1999-02-05,0,0,1,1
29800005,2,1610612737,1610612739,87,111,302,673,1516,271,445,958,980,1510,104,-13,-13,-13.0,-11.716,463,567,1,PT04M17.00S,1,PT02M33.00S,13,13,0,0,11.328,13.0,-1.672,1.284,1999-02-05,0,0,1,1
29800005,3,1610612737,1610612739,87,111,302,673,1516,271,445,682,958,980,55,0,0,0.96,-1.517,567,622,1,PT02M33.00S,1,PT01M38.00S,0,0,0,0,-1.672,1.284,-0.712,-0.233,1999-02-05,0,0,1,1
29800005,4,1610612737,1610612739,87,302,673,895,1516,271,682,958,980,1507,254,-16,-21,-16.854,-19.809,622,876,1,PT01M38.00S,2,PT09M24.00S,16,21,0,0,15.288,20.767,-1.566,0.957,1999-02-05,0,0,1,1
29800005,5,1610612737,1610612739,87,302,673,895,1516,271,431,682,980,1507,9,0,0,0.0,0.0,1021,1030,2,PT06M59.00S,2,PT06M50.00S,0,0,0,0,-1.566,0.957,-1.566,0.957,1999-02-05,0,0,1,1
29800005,6,1610612737,1610612739,87,302,673,895,1516,271,431,980,1507,1510,10,0,0,0.0,0.0,1030,1040,2,PT06M50.00S,2,PT06M40.00S,0,0,0,0,-1.566,0.957,-1.566,0.957,1999-02-05,0,0,1,1
29800005,7,1610612737,1610612739,87,120,302,673,895,271,431,980,1507,1510,47,31,31,31.0,31.0,1040,1087,2,PT06M40.00S,2,PT05M53.00S,0,0,31,31,-1.566,0.957,29.434,31.957,1999-02-05,0,0,1,1
29800005,8,1610612737,1610612739,87,120,302,673,895,271,431,445,980,1510,18,-31,-31,-31.0,-31.0,1087,1105,2,PT05M53.00S,2,PT05M35.00S,31,31,0,0,29.434,31.957,-1.566,0.957,1999-02-05,0,0,1,1
29800005,9,1610612737,1610612739,87,120,302,673,895,431,445,980,1510,1538,120,37,37,37.0,35.076,1105,1225,2,PT05M35.00S,2,PT03M35.00S,0,0,37,37,-1.566,0.957,35.434,36.033,1999-02-05,0,0,1,1
29800005,10,1610612737,1610612739,87,111,120,302,673,431,445,980,1510,1538,138,-37,-37,-37.0,-37.0,1225,1363,2,PT03M35.00S,2,PT01M17.00S,37,37,0,0,35.434,36.033,-1.566,-0.967,1999-02-05,0,0,1,1
29800005,11,1610612737,1610612739,87,111,120,302,673,445,958,980,1510,1538,367,0,0,1.875,-1.569,1363,1730,2,PT01M17.00S,3,PT07M10.00S,0,0,0,0,-1.566,-0.967,0.309,-2.536,1999-02-05,0,0,1,1
29800005,12,1610612737,1610612739,87,111,120,302,673,445,958,980,1510,1538,59,0,0,0.0,0.0,1730,1789,3,PT07M10.00S,3,PT06M11.00S,0,0,0,0,0.309,-2.536,0.309,-2.536,1999-02-05,0,0,1,1
29800005,13,1610612737,1610612739,87,111,120,302,673,958,980,1507,1510,1538,66,0,0,-0.0,0.0,1789,1855,3,PT06M11.00S,3,PT05M05.00S,0,0,0,0,0.309,-2.536,0.309,-2.536,1999-02-05,0,0,1,1
29800005,14,1610612737,1610612739,87,120,302,673,895,958,980,1507,1510,1538,21,0,0,0.0,0.0,1855,1876,3,PT05M05.00S,3,PT04M44.00S,0,0,0,0,0.309,-2.536,0.309,-2.536,1999-02-05,0,0,1,1
29800005,15,1610612737,1610612739,87,120,302,673,895,271,958,980,1507,1510,36,0,0,1.061,0.0,1876,1912,3,PT04M44.00S,3,PT04M08.00S,0,0,0,0,0.309,-2.536,1.37,-2.536,1999-02-05,0,0,1,1
29800005,16,1610612737,1610612739,87,120,302,673,895,271,682,958,980,1507,26,0,0,0.0,0.0,1912,1938,3,PT04M08.00S,3,PT03M42.00S,0,0,0,0,1.37,-2.536,1.37,-2.536,1999-02-05,0,0,1,1
29800005,17,1610612737,1610612739,87,120,302,673,895,198,271,682,980,1507,127,69,61,67.354,61.0,1938,2065,3,PT03M42.00S,3,PT01M35.00S,0,0,69,61,1.37,-2.536,68.723,58.464,1999-02-05,0,0,1,1
29800005,18,1610612737,1610612739,120,302,673,770,895,198,271,682,980,1507,143,-69,-61,-67.939,-61.0,2065,2208,3,PT01M35.00S,4,PT11M12.00S,69,61,0,0,68.723,58.464,0.784,-2.536,1999-02-05,0,0,1,1
29800005,19,1610612737,1610612739,3,120,770,895,1533,198,271,682,980,1507,81,0,0,0.0,0.0,2208,2289,4,PT11M12.00S,4,PT09M51.00S,0,0,0,0,0.784,-2.536,0.784,-2.536,1999-02-05,0,0,1,1
29800005,20,1610612737,1610612739,3,120,770,895,1533,198,271,682,958,1507,61,0,0,0.0,0.0,2289,2350,4,PT09M51.00S,4,PT08M50.00S,0,0,0,0,0.784,-2.536,0.784,-2.536,1999-02-05,0,0,1,1
29800005,21,1610612737,1610612739,3,770,895,1516,1533,198,271,682,958,1507,48,0,0,0.0,0.0,2350,2398,4,PT08M50.00S,4,PT08M02.00S,0,0,0,0,0.784,-2.536,0.784,-2.536,1999-02-05,0,0,1,1
29800005,22,1610612737,1610612739,3,87,895,1516,1533,198,271,682,958,1507,61,0,0,0.0,0.0,2398,2459,4,PT08M02.00S,4,PT07M01.00S,0,0,0,0,0.784,-2.536,0.784,-2.536,1999-02-05,0,0,1,1
29800005,23,1610612737,1610612739,3,87,111,302,1516,198,271,682,958,1510,40,0,0,-1.899,0.0,2459,2499,4,PT07M01.00S,4,PT06M21.00S,0,0,0,0,0.784,-2.536,-1.115,-2.536,1999-02-05,0,0,1,1
29800005,24,1610612737,1610612739,3,87,111,302,1516,271,431,682,980,1510,12,0,0,0.0,0.0,2499,2511,4,PT06M21.00S,4,PT06M09.00S,0,0,0,0,-1.115,-2.536,-1.115,-2.536,1999-02-05,0,0,1,1
29800005,25,1610612737,1610612739,3,87,111,302,1516,431,682,980,1510,1538,89,0,0,-1.791,0.0,2511,2600,4,PT06M09.00S,4,PT04M40.00S,0,0,0,0,-1.115,-2.536,-2.906,-2.536,1999-02-05,0,0,1,1
29800005,26,1610612737,1610612739,3,87,111,302,1516,431,445,980,1510,1538,28,87,80,87.0,80.0,2600,2628,4,PT04M40.00S,4,PT04M12.00S,0,0,87,80,-2.906,-2.536,84.094,77.464,1999-02-05,0,0,1,1
29800005,27,1610612737,1610612739,3,87,111,120,302,431,445,980,1510,1538,76,-87,-80,-88.339,-80.0,2628,2704,4,PT04M12.00S,4,PT02M56.00S,87,80,0,0,84.094,77.464,-4.245,-2.536,1999-02-05,0,0,1,1
29800005,28,1610612737,1610612739,3,87,111,120,302,431,445,980,1507,1510,30,0,0,0.96,0.0,2704,2734,4,PT02M56.00S,4,PT02M26.00S,0,0,0,0,-4.245,-2.536,-3.285,-2.536,1999-02-05,0,0,1,1
29800005,29,1610612737,1610612739,3,87,120,302,895,431,445,980,1507,1510,47,97,81,97.0,81.0,2734,2781,4,PT02M26.00S,4,PT01M39.00S,0,0,97,81,-3.285,-2.536,93.715,78.464,1999-02-05,0,0,1,1
29800005,30,1610612737,1610612739,3,120,770,895,1533,198,348,958,1036,1538,35,-97,-81,-97.0,-81.0,2781,2816,4,PT01M39.00S,4,PT01M04.00S,97,81,0,0,93.715,78.464,-3.285,-2.536,1999-02-05,0,0,1,1
29800006,0,1610612754,1610612764,22,213,397,904,905,43,384,426,436,782,212,10,8,6.827,8.0,0,212,1,PT12M00.00S,1,PT08M28.00S,0,0,10,8,0.0,0.0,6.827,8.0,1999-02-05,0,0,1,1
29800006,1,1610612754,1610612764,64,147,213,696,904,145,393,436,782,901,29,3,2,3.0,2.0,608,637,1,PT01M52.00S,1,PT01M23.00S,24,21,27,23,20.827,20.432,23.827,22.432,1999-02-05,0,0,1,1
29800006,2,1610612754,1610612764,64,147,213,696,904,100,145,393,436,901,47,2,0,3.022,0.0,637,684,1,PT01M23.00S,1,PT00M36.50S,27,23,29,23,23.827,22.432,26.849,22.432,1999-02-05,0,0,1,1
29800006,3,1610612754,1610612764,64,147,213,696,697,100,145,393,901,1751,30,0,0,0.0,0.0,684,714,1,PT00M36.50S,1,PT00M05.70S,29,23,29,23,26.849,22.432,26.849,22.432,1999-02-05,0,0,1,1
29800006,4,1610612754,1610612764,64,147,213,696,697,43,100,145,393,901,178,6,2,6.0,5.127,714,892,1,PT00M05.70S,2,PT09M08.00S,29,23,35,25,26.849,22.432,32.849,27.559,1999-02-05,0,0,1,1
29800006,5,1610612754,1610612764,64,147,213,696,697,43,100,384,393,901,76,2,2,2.0,2.0,892,968,2,PT09M08.00S,2,PT07M52.00S,35,25,37,27,32.849,27.559,34.849,29.559,1999-02-05,0,0,1,1
29800006,6,1610612754,1610612764,64,147,696,697,905,43,384,393,782,901,34,0,0,0.0,0.0,968,1002,2,PT07M52.00S,2,PT07M18.00S,37,27,37,27,34.849,29.559,34.849,29.559,1999-02-05,0,0,1,1
29800006,7,1610612754,1610612764,64,147,696,697,905,43,384,393,426,782,36,0,2,0.0,2.0,1002,1038,2,PT07M18.00S,2,PT06M42.00S,37,27,37,29,34.849,29.559,34.849,31.559,1999-02-05,0,0,1,1
29800006,8,1610612754,1610612764,64,147,696,697,905,384,393,426,782,901,66,3,2,1.315,2.0,1038,1104,2,PT06M42.00S,2,PT05M36.00S,37,29,40,31,34.849,31.559,36.164,33.559,1999-02-05,0,0,1,1
29800006,9,1610612754,1610612764,64,147,397,696,905,43,145,426,782,901,35,1,0,1.0,0.0,1104,1139,2,PT05M36.00S,2,PT05M01.00S,40,31,41,31,36.164,33.559,37.164,33.559,1999-02-05,0,0,1,1
29800006,10,1610612754,1610612764,64,147,349,397,905,43,145,426,782,901,9,1,0,1.0,0.0,1139,1148,2,PT05M01.00S,2,PT04M52.00S,41,31,42,31,37.164,33.559,38.164,33.559,1999-02-05,0,0,1,1
29800006,11,1610612754,1610612764,22,349,397,904,905,43,145,426,782,901,90,3,6,1.371,6.0,1148,1238,2,PT04M52.00S,2,PT03M22.00S,42,31,45,37,38.164,33.559,39.534,39.559,1999-02-05,0,0,1,1
29800006,12,1610612754,1610612764,22,349,397,904,905,145,393,426,436,782,522,10,13,14.329,14.706,1238,1760,2,PT03M22.00S,3,PT06M40.00S,45,37,55,50,39.534,39.559,53.863,54.266,1999-02-05,0,0,1,1
29800006,13,1610612754,1610612764,22,349,397,904,905,145,393,436,782,901,175,6,6,6.0,6.0,1760,1935,3,PT06M40.00S,3,PT03M45.00S,55,50,61,56,53.863,54.266,59.863,60.266,1999-02-05,0,0,1,1
29800006,14,1610612754,1610612764,22,349,397,904,905,100,145,393,436,901,47,2,0,2.0,0.0,1935,1982,3,PT03M45.00S,3,PT02M58.00S,61,56,63,56,59.863,60.266,61.863,60.266,1999-02-05,0,0,1,1
29800006,15,1610612754,1610612764,22,213,349,397,904,100,145,393,436,901,28,2,0,2.0,0.0,1982,2010,3,PT02M58.00S,3,PT02M30.00S,63,56,65,56,61.863,60.266,63.863,60.266,1999-02-05,0,0,1,1
29800006,16,1610612754,1610612764,22,147,213,349,397,100,145,393,436,901,65,2,0,2.0,0.0,2010,2075,3,PT02M30.00S,3,PT01M25.00S,65,56,67,56,63.863,60.266,65.863,60.266,1999-02-05,0,0,1,1
29800006,17,1610612754,1610612764,22,147,213,349,397,100,145,393,901,1751,14,0,0,0.0,0.0,2075,2089,3,PT01M25.00S,3,PT01M11.00S,67,56,67,56,65.863,60.266,65.863,60.266,1999-02-05,0,0,1,1
29800006,18,1610612754,1610612764,22,147,213,696,697,100,145,393,901,1751,10,0,2,0.0,2.0,2089,2099,3,PT01M11.00S,3,PT01M01.00S,67,56,67,58,65.863,60.266,65.863,62.266,1999-02-05,0,0,1,1
29800006,19,1610612754,1610612764,22,147,213,696,697,43,100,145,901,1751,50,1,1,1.0,1.0,2099,2149,3,PT01M01.00S,3,PT00M11.20S,67,58,68,59,65.863,62.266,66.863,63.266,1999-02-05,0,0,1,1
29800006,20,1610612754,1610612764,22,147,213,696,697,43,100,145,782,901,111,5,1,6.031,3.226,2149,2260,3,PT00M11.20S,4,PT10M20.00S,68,59,73,60,66.863,63.266,72.894,66.491,1999-02-05,0,0,1,1
29800006,21,1610612754,1610612764,22,147,213,696,697,43,100,145,782,1751,52,3,1,3.0,1.0,2260,2312,4,PT10M20.00S,4,PT09M28.00S,73,60,76,61,72.894,66.491,75.894,67.491,1999-02-05,0,0,1,1
29800006,22,1610612754,1610612764,22,147,213,696,697,43,100,384,782,1751,181,8,4,9.112,4.972,2312,2493,4,PT09M28.00S,4,PT06M27.00S,76,61,84,65,75.894,67.491,85.006,72.464,1999-02-05,0,0,1,1
29800006,23,1610612754,1610612764,22,147,213,696,697,43,100,901,1751,1872,140,2,7,2.0,7.0,2493,2633,4,PT06M27.00S,4,PT04M07.00S,84,65,86,72,85.006,72.464,87.006,79.464,1999-02-05,0,0,1,1
29800006,24,1610612754,1610612764,22,147,213,696,697,100,901,976,1751,1872,63,4,2,4.0,2.0,2633,2696,4,PT04M07.00S,4,PT03M04.00S,86,72,90,74,87.006,79.464,91.006,81.464,1999-02-05,0,0,1,1
29800007,0,1610612759,1610612758,251,422,764,1114,1495,124,185,722,1505,1715,356,0,0,2.15,0.343,0,356,1,PT12M00.00S,1,PT06M04.00S,0,0,0,0,0.0,0.0,2.15,0.343,1999-02-05,0,0,1,1
29800007,1,1610612759,1610612758,70,251,422,764,1495,124,722,1444,1505,1715,45,-13,-11,-13.0,-11.0,356,401,1,PT06M04.00S,1,PT05M19.00S,13,11,0,0,15.15,11.343,2.15,0.343,1999-02-05,0,0,1,1
29800007,2,1610612759,1610612758,53,70,422,764,1495,124,722,1444,1505,1715,91,0,0,1.039,0.0,401,492,1,PT05M19.00S,1,PT03M48.00S,0,0,0,0,2.15,0.343,3.188,0.343,1999-02-05,0,0,1,1
29800007,3,1610612759,1610612758,53,70,422,781,1495,124,978,1444,1505,1715,27,0,0,0.0,0.0,492,519,1,PT03M48.00S,1,PT03M21.00S,0,0,0,0,3.188,0.343,3.188,0.343,1999-02-05,0,0,1,1
29800007,4,1610612759,1610612758,53,70,422,781,1495,932,978,1444,1505,1715,42,0,0,1.329,0.0,519,561,1,PT03M21.00S,1,PT02M39.00S,0,0,0,0,3.188,0.343,4.518,0.343,1999-02-05,0,0,1,1
29800007,5,1610612759,1610612758,53,70,781,1495,1498,468,932,978,1444,1715,195,0,0,-0.0,1.892,561,756,1,PT02M39.00S,2,PT11M24.00S,0,0,0,0,4.518,0.343,4.518,2.235,1999-02-05,0,0,1,1
29800007,6,1610612759,1610612758,53,70,760,764,1498,468,932,978,1444,1715,49,0,0,0.0,0.0,756,805,2,PT11M24.00S,2,PT10M35.00S,0,0,0,0,4.518,2.235,4.518,2.235,1999-02-05,0,0,1,1
29800007,7,1610612759,1610612758,53,760,764,1114,1498,468,932,978,1444,1715,121,0,0,0.96,2.403,805,926,2,PT10M35.00S,2,PT08M34.00S,0,0,0,0,4.518,2.235,5.478,4.638,1999-02-05,0,0,1,1
29800007,8,1610612759,1610612758,53,422,760,764,1114,722,932,978,1444,1715,18,0,0,-0.0,-0.0,926,944,2,PT08M34.00S,2,PT08M16.00S,0,0,0,0,5.478,4.638,5.478,4.638,1999-02-05,0,0,1,1
29800007,9,1610612759,1610612758,251,422,760,764,1114,124,722,932,978,1715,40,-33,-21,-31.857,-21.0,944,984,2,PT08M16.00S,2,PT07M36.00S,33,21,0,0,38.478,25.638,6.621,4.638,1999-02-05,0,0,1,1
29800007,10,1610612759,1610612758,251,422,760,764,1114,124,722,932,978,1715,87,0,0,-0.0,0.0,984,1071,2,PT07M36.00S,2,PT06M09.00S,0,0,0,0,6.621,4.638,6.621,4.638,1999-02-05,0,0,1,1
29800007,11,1610612759,1610612758,251,422,760,764,1114,124,722,932,1505,1715,51,0,0,0.0,0.0,1071,1122,2,PT06M09.00S,2,PT05M18.00S,0,0,0,0,6.621,4.638,6.621,4.638,1999-02-05,0,0,1,1
29800007,12,1610612759,1610612758,70,251,422,764,1495,124,722,932,1505,1715,123,0,0,0.0,-3.588,1122,1245,2,PT05M18.00S,2,PT03M15.00S,0,0,0,0,6.621,4.638,6.621,1.05,1999-02-05,0,0,1,1
29800007,13,1610612759,1610612758,70,251,422,781,1495,124,722,932,1505,1715,124,0,0,0.0,0.946,1245,1369,2,PT03M15.00S,2,PT01M11.00S,0,0,0,0,6.621,1.05,6.621,1.996,1999-02-05,0,0,1,1
29800007,14,1610612759,1610612758,53,70,422,760,781,932,978,1444,1505,1715,69,5,2,5.0,2.0,1862,1931,3,PT04M58.00S,3,PT03M49.00S,62,51,67,53,67.402,51.236,72.402,53.236,1999-02-05,0,0,1,1
29800007,15,1610612759,1610612758,53,70,422,760,781,932,978,1444,1505,1715,80,-67,-53,-67.0,-50.665,1931,2011,3,PT03M49.00S,3,PT02M29.00S,67,53,0,0,72.402,53.236,5.402,2.571,1999-02-05,0,0,1,1
29800007,16,1610612759,1610612758,53,70,760,781,1498,932,978,1444,1505,1715,89,0,0,-3.143,1.177,2011,2100,3,PT02M29.00S,3,PT01M00.00S,0,0,0,0,5.402,2.571,2.26,3.748,1999-02-05,0,0,1,1
29800007,17,1610612759,1610612758,53,70,760,781,1498,468,932,978,1444,1715,172,0,0,0.0,0.0,2100,2272,3,PT01M00.00S,4,PT10M08.00S,0,0,0,0,2.26,3.748,2.26,3.748,1999-02-05,0,0,1,1
29800007,18,1610612759,1610612758,53,760,781,1114,1498,468,932,978,1444,1715,172,0,0,-1.668,-0.0,2272,2444,4,PT10M08.00S,4,PT07M16.00S,0,0,0,0,2.26,3.748,0.591,3.748,1999-02-05,0,0,1,1
29800008,0,1610612743,1610612750,89,179,677,686,1711,324,693,708,950,1051,316,9,14,9.475,14.0,0,316,1,PT12M00.00S,1,PT06M44.00S,0,0,9,14,0.0,0.0,9.475,14.0,1999-02-05,0,0,1,1
29800008,1,1610612743,1610612750,89,179,677,686,1711,324,417,693,950,1051,91,1,7,1.0,5.385,316,407,1,PT06M44.00S,1,PT05M13.00S,9,14,10,21,9.475,14.0,10.475,19.385,1999-02-05,0,0,1,1
29800008,2,1610612743,1610612750,89,677,686,724,1711,67,417,693,907,950,68,6,2,6.0,2.0,407,475,1,PT05M13.00S,1,PT04M05.00S,10,21,16,23,10.475,19.385,16.475,21.385,1999-02-05,0,0,1,1
29800008,3,1610612743,1610612750,89,677,686,724,1504,67,223,417,907,950,94,1,3,1.0,3.0,475,569,1,PT04M05.00S,1,PT02M31.00S,16,23,17,26,16.475,21.385,17.475,24.385,1999-02-05,0,0,1,1
29800008,4,1610612743,1610612750,677,686,724,1497,1504,67,223,417,907,1517,75,2,2,4.119,2.0,569,644,1,PT02M31.00S,1,PT01M16.00S,17,26,19,28,17.475,24.385,21.594,26.385,1999-02-05,0,0,1,1
29800008,5,1610612743,1610612750,677,724,1497,1504,1721,67,417,693,907,1517,68,1,2,1.0,2.0,644,712,1,PT01M16.00S,1,PT00M08.10S,19,28,20,30,21.594,26.385,22.594,28.385,1999-02-05,0,0,1,1
29800008,6,1610612743,1610612750,677,724,1497,1504,1721,417,693,713,950,1517,80,0,2,2.12,2.977,712,792,1,PT00M08.10S,2,PT10M48.00S,20,30,20,32,22.594,28.385,24.715,31.361,1999-02-05,0,0,1,1
29800008,7,1610612743,1610612750,89,677,686,724,1504,417,693,713,950,1517,118,2,6,0.331,6.0,792,910,2,PT10M48.00S,2,PT08M50.00S,20,32,22,38,24.715,31.361,25.045,37.361,1999-02-05,0,0,1,1
29800008,8,1610612743,1610612750,89,677,686,1497,1711,324,693,907,1051,1517,110,6,6,7.037,6.0,1238,1348,2,PT03M22.00S,2,PT01M32.00S,35,50,41,56,38.474,51.545,45.511,57.545,1999-02-05,0,0,1,1
29800008,9,1610612743,1610612750,89,677,686,1497,1711,324,417,907,1051,1517,34,1,2,1.0,2.0,1348,1382,2,PT01M32.00S,2,PT00M57.80S,41,56,42,58,45.511,57.545,46.511,59.545,1999-02-05,0,0,1,1
29800008,10,1610612743,1610612750,89,179,677,686,1711,324,417,907,1051,1517,16,0,0,0.0,0.0,1382,1398,2,PT00M57.80S,2,PT00M42.00S,42,58,42,58,46.511,59.545,46.511,59.545,1999-02-05,0,0,1,1
29800008,11,1610612743,1610612750,89,179,677,686,1721,324,417,907,1051,1517,15,1,0,1.0,0.0,1398,1413,2,PT00M42.00S,2,PT00M26.70S,42,58,43,58,46.511,59.545,47.511,59.545,1999-02-05,0,0,1,1
29800008,12,1610612743,1610612750,89,179,677,686,1721,324,417,713,1051,1517,5,0,0,0.0,0.0,1413,1418,2,PT00M26.70S,2,PT00M22.10S,43,58,43,58,47.511,59.545,47.511,59.545,1999-02-05,0,0,1,1
29800008,13,1610612743,1610612750,89,179,677,686,1721,223,324,417,713,1517,176,7,7,7.0,6.361,1418,1594,2,PT00M22.10S,3,PT09M26.00S,43,58,50,65,47.511,59.545,54.511,65.906,1999-02-05,0,0,1,1
29800009,0,1610612762,1610612741,204,252,304,731,935,95,166,389,457,699,371,0,0,-1.637,0.0,0,371,1,PT12M00.00S,1,PT05M49.00S,0,0,0,0,0.0,0.0,-1.637,0.0,1999-02-05,0,0,1,1
29800009,1,1610612762,1610612741,204,252,458,731,935,95,166,389,457,699,45,0,0,0.0,0.0,371,416,1,PT05M49.00S,1,PT05M04.00S,0,0,0,0,-1.637,0.0,-1.637,0.0,1999-02-05,0,0,1,1
29800009,2,1610612762,1610612741,204,252,458,731,935,54,389,457,699,753,59,0,0,0.0,0.0,416,475,1,PT05M04.00S,1,PT04M05.00S,0,0,0,0,-1.637,0.0,-1.637,0.0,1999-02-05,0,0,1,1
29800009,3,1610612762,1610612741,204,252,458,731,935,54,82,166,389,753,26,22,17,22.0,17.0,475,501,1,PT04M05.00S,1,PT03M39.00S,0,0,22,17,-1.637,0.0,20.363,17.0,1999-02-05,0,0,1,1
29800009,4,1610612762,1610612741,204,252,458,935,1847,54,82,166,389,753,267,-22,-17,-20.93,-20.585,501,768,1,PT03M39.00S,2,PT11M12.00S,22,17,0,0,20.363,17.0,-0.567,-3.585,1999-02-05,0,0,1,1
29800009,5,1610612762,1610612741,138,204,458,935,1847,54,82,166,389,753,82,0,0,0.0,0.0,768,850,2,PT11M12.00S,2,PT09M50.00S,0,0,0,0,-0.567,-3.585,-0.567,-3.585,1999-02-05,0,0,1,1
29800009,6,1610612762,1610612741,138,204,458,935,1847,54,166,389,457,753,124,0,0,0.0,-1.859,850,974,2,PT09M50.00S,2,PT07M46.00S,0,0,0,0,-0.567,-3.585,-0.567,-5.444,1999-02-05,0,0,1,1
29800009,7,1610612762,1610612741,204,252,304,731,935,54,457,1600,1601,1757,36,0,0,0.0,0.0,1173,1209,2,PT04M27.00S,2,PT03M51.00S,0,0,0,0,-0.567,-5.444,-0.567,-5.444,1999-02-05,0,0,1,1
29800010,0,1610612746,1610612756,15,239,441,915,953,26,45,339,361,467,447,0,0,-2.178,-5.147,0,447,1,PT12M00.00S,1,PT04M33.00S,0,0,0,0,0.0,0.0,-2.178,-5.147,1999-02-05,0,0,1,1
29800010,1,1610612746,1610612756,15,239,441,953,1508,26,45,339,361,467,74,0,0,0.966,0.0,447,521,1,PT04M33.00S,1,PT03M19.00S,0,0,0,0,-2.178,-5.147,-1.212,-5.147,1999-02-05,0,0,1,1
29800010,2,1610612746,1610612756,15,239,441,953,1508,26,339,361,467,704,2,0,0,0.0,0.0,521,523,1,PT03M19.00S,1,PT03M17.00S,0,0,0,0,-1.212,-5.147,-1.212,-5.147,1999-02-05,0,0,1,1
29800010,3,1610612746,1610612756,15,239,441,953,1508,330,339,361,467,704,93,25,22,26.224,22.0,523,616,1,PT03M17.00S,1,PT01M44.00S,0,0,25,22,-1.212,-5.147,25.012,16.853,1999-02-05,0,0,1,1
29800010,4,1610612746,1610612756,239,381,441,1508,1709,330,339,361,467,704,261,-25,-22,-24.013,-22.0,616,877,1,PT01M44.00S,2,PT09M23.00S,25,22,0,0,25.012,16.853,0.999,-5.147,1999-02-05,0,0,1,1
29800010,5,1610612746,1610612756,239,381,441,915,1709,330,339,361,467,704,77,0,0,-0.0,-1.702,877,954,2,PT09M23.00S,2,PT08M06.00S,0,0,0,0,0.999,-5.147,0.999,-6.849,1999-02-05,0,0,1,1
29800010,6,1610612746,1610612756,71,381,915,953,1838,330,339,361,467,704,172,0,0,-1.67,-1.702,954,1126,2,PT08M06.00S,2,PT05M14.00S,0,0,0,0,0.999,-6.849,-0.671,-8.551,1999-02-05,0,0,1,1
29800010,7,1610612746,1610612756,15,239,441,915,953,26,339,361,467,1871,6,0,0,0.0,0.0,1187,1193,2,PT04M13.00S,2,PT04M07.00S,0,0,0,0,-0.671,-8.551,-0.671,-8.551,1999-02-05,0,0,1,1
29800010,8,1610612746,1610612756,15,239,441,915,1709,26,339,361,467,1871,62,0,0,-3.482,0.0,1193,1255,2,PT04M07.00S,2,PT03M05.00S,0,0,0,0,-0.671,-8.551,-4.153,-8.551,1999-02-05,0,0,1,1
29800010,9,1610612746,1610612756,15,239,441,1508,1709,26,339,361,467,1871,53,48,50,48.0,48.193,1255,1308,2,PT03M05.00S,2,PT02M12.00S,0,0,48,50,-4.153,-8.551,43.847,39.642,1999-02-05,0,0,1,1
29800010,10,1610612746,1610612756,15,239,441,1709,1838,26,339,361,467,1871,55,-48,-50,-46.865,-50.0,1308,1363,2,PT02M12.00S,2,PT01M17.00S,48,50,0,0,43.847,39.642,-3.018,-10.358,1999-02-05,0,0,1,1
29800010,11,1610612746,1610612756,15,239,441,915,1709,26,339,361,467,1871,17,0,0,0.0,0.0,1363,1380,2,PT01M17.00S,2,PT01M00.00S,0,0,0,0,-3.018,-10.358,-3.018,-10.358,1999-02-05,0,0,1,1
29800010,12,1610612746,1610612756,15,239,441,1709,1838,26,339,361,467,1871,46,0,0,0.0,0.0,1380,1426,2,PT01M00.00S,2,PT00M14.40S,0,0,0,0,-3.018,-10.358,-3.018,-10.358,1999-02-05,0,0,1,1
29800010,13,1610612746,1610612756,15,239,381,441,1838,45,339,361,467,1871,229,56,64,55.415,64.0,1426,1655,2,PT00M14.40S,3,PT08M25.00S,0,0,56,64,-3.018,-10.358,52.397,53.642,1999-02-05,0,0,1,1
29800010,14,1610612746,1610612756,381,428,441,915,953,45,330,704,1727,1871,45,0,0,0.0,0.0,2289,2334,4,PT09M51.00S,4,PT09M06.00S,0,0,0,0,-4.773,-7.458,-4.773,-7.458,1999-02-05,0,0,1,1
29800010,15,1610612746,1610612756,15,428,441,915,953,45,330,361,1727,1871,9,-76,-86,-76.0,-86.0,2422,2431,4,PT07M38.00S,4,PT07M29.00S,76,86,0,0,72.312,78.542,-3.688,-7.458,1999-02-05,0,0,1,1
29800010,16,1610612746,1610612756,15,428,441,953,1508,45,330,361,1727,1871,99,0,0,0.0,0.0,2431,2530,4,PT07M29.00S,4,PT05M50.00S,0,0,0,0,-3.688,-7.458,-3.688,-7.458,1999-02-05,0,0,1,1
29800010,17,1610612746,1610612756,15,428,441,1508,1709,45,330,361,1727,1871,137,0,0,1.171,0.0,2530,2667,4,PT05M50.00S,4,PT03M33.00S,0,0,0,0,-3.688,-7.458,-2.517,-7.458,1999-02-05,0,0,1,1
29800010,18,1610612746,1610612756,15,428,441,1508,1709,26,45,361,1727,1871,13,0,0,0.0,0.0,2667,2680,4,PT03M33.00S,4,PT03M20.00S,0,0,0,0,-2.517,-7.458,-2.517,-7.458,1999-02-05,0,0,1,1
29800010,19,1610612746,1610612756,15,428,441,915,1709,26,45,361,1727,1871,131,0,0,2.101,1.084,2680,2811,4,PT03M20.00S,4,PT01M09.00S,0,0,0,0,-2.517,-7.458,-0.416,-6.374,1999-02-05,0,0,1,1
29800010,20,1610612746,1610612756,428,441,915,1709,1838,26,45,1727,1753,1871,42,-90,-101,-90.0,-101.0,2811,2853,4,PT01M09.00S,4,PT00M27.00S,90,101,0,0,89.584,94.626,-0.416,-6.374,1999-02-05,0,0,1,1
29800010,21,1610612746,1610612756,428,441,915,1709,1838,45,1527,1727,1753,1871,27,92,101,92.0,101.0,2853,2880,4,PT00M27.00S,4,PT00M00.00S,0,0,92,101,-0.416,-6.374,91.584,94.626,1999-02-05,0,0,1,1
29800011,0,1610612747,1610612745,224,406,916,965,977,165,292,787,937,1722,310,0,0,2.269,-1.789,0,310,1,PT12M00.00S,1,PT06M50.00S,0,0,0,0,0.0,0.0,2.269,-1.789,1999-02-05,0,0,1,1
29800011,1,1610612747,1610612745,157,224,406,969,977,292,937,970,1722,1724,50,-16,-12,-16.0,-12.0,497,547,1,PT03M43.00S,1,PT02M53.00S,16,12,0,0,17.651,11.153,1.651,-0.847,1999-02-05,0,0,1,1
29800011,2,1610612747,1610612745,157,224,922,969,977,292,937,970,1722,1724,10,0,0,0.0,0.0,547,557,1,PT02M53.00S,1,PT02M43.00S,0,0,0,0,1.651,-0.847,1.651,-0.847,1999-02-05,0,0,1,1
29800011,3,1610612747,1610612745,157,224,922,969,977,787,937,970,1722,1724,76,0,0,-0.711,0.0,557,633,1,PT02M43.00S,1,PT01M27.00S,0,0,0,0,1.651,-0.847,0.941,-0.847,1999-02-05,0,0,1,1
29800011,4,1610612747,1610612745,157,224,922,969,1739,787,937,970,1722,1724,81,0,0,0.0,0.0,633,714,1,PT01M27.00S,1,PT00M05.60S,0,0,0,0,0.941,-0.847,0.941,-0.847,1999-02-05,0,0,1,1
29800011,5,1610612747,1610612745,157,224,922,969,1739,672,787,937,970,1724,63,0,0,-1.428,0.942,714,777,1,PT00M05.60S,2,PT11M03.00S,0,0,0,0,0.941,-0.847,-0.487,0.094,1999-02-05,0,0,1,1
29800011,6,1610612747,1610612745,157,224,406,922,1739,672,787,970,1722,1724,71,0,0,0.0,0.0,777,848,2,PT11M03.00S,2,PT09M52.00S,0,0,0,0,-0.487,0.094,-0.487,0.094,1999-02-05,0,0,1,1
29800011,7,1610612747,1610612745,157,224,922,969,977,672,787,937,970,1074,54,0,0,1.091,0.0,1311,1365,2,PT02M09.00S,2,PT01M15.00S,0,0,0,0,1.808,0.094,2.899,0.094,1999-02-05,0,0,1,1
29800011,8,1610612747,1610612745,157,224,406,969,977,672,787,937,970,1074,28,0,0,0.0,0.942,1365,1393,2,PT01M15.00S,2,PT00M47.20S,0,0,0,0,2.899,0.094,2.899,1.036,1999-02-05,0,0,1,1
29800011,9,1610612747,1610612745,157,224,406,969,1739,672,787,937,970,1074,172,49,46,49.998,47.154,1393,1565,2,PT00M47.20S,3,PT09M55.00S,0,0,49,46,2.899,1.036,52.897,48.19,1999-02-05,0,0,1,1
29800011,10,1610612747,1610612745,157,224,406,969,1739,672,787,937,970,1074,148,-49,-46,-49.546,-45.594,1565,1713,3,PT09M55.00S,3,PT07M27.00S,49,46,0,0,52.897,48.19,3.351,2.596,1999-02-05,0,0,1,1
29800011,11,1610612747,1610612745,157,406,922,969,1739,672,787,937,970,1074,82,0,0,0.0,0.0,1772,1854,3,PT06M28.00S,3,PT05M06.00S,0,0,0,0,3.351,0.677,3.351,0.677,1999-02-05,0,0,1,1
29800011,12,1610612747,1610612745,157,224,406,969,1739,672,787,937,970,1074,73,-59,-56,-59.0,-56.0,1916,1989,3,PT04M04.00S,3,PT02M51.00S,59,56,0,0,62.351,56.677,3.351,0.677,1999-02-05,0,0,1,1
29800011,13,1610612747,1610612745,157,224,399,969,1739,672,787,937,970,1074,189,-68,-64,-69.709,-65.621,2098,2287,3,PT01M02.00S,4,PT09M53.00S,68,64,0,0,68.158,64.677,-1.551,-0.944,1999-02-05,0,0,1,1
29800011,14,1610612747,1610612745,157,224,922,969,1739,787,937,970,1074,1722,48,0,0,0.0,0.0,2742,2790,4,PT02M18.00S,4,PT01M30.00S,0,0,0,0,-4.838,1.128,-4.838,1.128,1999-02-05,0,0,1,1
29800011,15,1610612747,1610612745,157,224,922,969,1739,672,787,937,1074,1722,74,0,0,0.0,1.824,2790,2864,4,PT01M30.00S,4,PT00M16.30S,0,0,0,0,-4.838,1.128,-4.838,2.951,1999-02-05,0,0,1,1
29800012,0,1610612760,1610612742,56,96,178,182,452,714,762,920,959,1717,335,0,0,-0.742,-1.764,0,335,1,PT12M00.00S,1,PT06M25.00S,0,0,0,0,0.0,0.0,-0.742,-1.764,1999-02-05,0,0,1,1
29800012,1,1610612760,1610612742,56,107,178,452,765,123,714,762,920,1717,135,0,0,1.215,0.0,335,470,1,PT06M25.00S,1,PT04M10.00S,0,0,0,0,-0.742,-1.764,0.473,-1.764,1999-02-05,0,0,1,1
29800012,2,1610612760,1610612742,56,107,452,765,1425,76,123,714,762,920,18,0,0,1.126,0.0,470,488,1,PT04M10.00S,1,PT03M52.00S,0,0,0,0,0.473,-1.764,1.599,-1.764,1999-02-05,0,0,1,1
29800012,3,1610612760,1610612742,56,107,452,765,1425,76,123,714,762,955,86,0,0,-1.706,0.0,488,574,1,PT03M52.00S,1,PT02M26.00S,0,0,0,0,1.599,-1.764,-0.107,-1.764,1999-02-05,0,0,1,1
29800012,4,1610612760,1610612742,56,107,452,765,1425,73,76,123,714,955,143,0,0,-0.0,0.0,574,717,1,PT02M26.00S,1,PT00M02.60S,0,0,0,0,-0.107,-1.764,-0.107,-1.764,1999-02-05,0,0,1,1
29800012,5,1610612760,1610612742,56,107,765,983,1425,73,76,93,123,1065,65,-21,-26,-21.0,-26.0,717,782,1,PT00M02.60S,2,PT10M58.00S,21,26,0,0,20.893,24.236,-0.107,-1.764,1999-02-05,0,0,1,1
29800012,6,1610612760,1610612742,107,452,765,983,1425,76,93,762,959,1065,200,0,0,1.001,-0.0,1959,2159,3,PT03M21.00S,3,PT00M01.30S,0,0,0,0,2.602,0.055,3.602,0.055,1999-02-05,0,0,1,1
29800012,7,1610612760,1610612742,56,96,182,452,765,73,76,93,714,959,64,0,0,1.031,0.0,2875,2939,4,PT00M04.90S,5,PT04M01.00S,0,0,0,0,4.803,0.104,5.834,0.104,1999-02-05,0,0,1,1
29800012,8,1610612760,1610612742,56,96,182,452,765,73,76,93,714,959,57,87,84,88.08,85.254,2939,2996,5,PT04M01.00S,5,PT03M04.00S,0,0,87,84,5.834,0.104,93.914,85.357,1999-02-05,0,0,1,1
29800012,9,1610612760,1610612742,56,96,107,452,765,73,76,93,955,959,49,0,0,0.0,0.0,3120,3169,5,PT01M00.00S,5,PT00M10.70S,0,0,0,0,6.914,3.964,6.914,3.964,1999-02-05,0,0,1,1
29800012,10,1610612760,1610612742,56,96,107,452,765,73,76,93,714,959,11,0,0,0.0,0.956,3169,3180,5,PT00M10.70S,5,PT00M00.00S,0,0,0,0,6.914,3.964,6.914,4.92,1999-02-05,0,0,1,1
29800013,0,1610612738,1610612739,35,65,72,952,1718,431,445,980,1510,1538,198,0,0,0.0,0.0,0,198,1,PT12M00.00S,1,PT08M42.00S,0,0,0,0,0.0,0.0,0.0,0.0,1999-02-06,0,0,1,1
29800013,1,1610612738,1610612739,65,72,368,952,1718,431,445,980,1510,1538,137,0,0,-0.715,0.0,198,335,1,PT08M42.00S,1,PT06M25.00S,0,0,0,0,0.0,0.0,-0.715,0.0,1999-02-06,0,0,1,1
29800013,2,1610612738,1610612739,35,344,952,1477,1499,431,445,980,1510,1538,164,0,0,0.0,0.0,335,499,1,PT06M25.00S,1,PT03M41.00S,0,0,0,0,-0.715,0.0,-0.715,0.0,1999-02-06,0,0,1,1
29800013,3,1610612738,1610612739,65,344,368,952,1477,431,445,980,1507,1538,30,0,0,0.996,0.0,499,529,1,PT03M41.00S,1,PT03M11.00S,0,0,0,0,-0.715,0.0,0.281,0.0,1999-02-06,0,0,1,1
29800013,4,1610612738,1610612739,65,344,368,1477,1499,445,958,980,1507,1538,124,-18,-28,-19.557,-26.81,529,653,1,PT03M11.00S,1,PT01M07.00S,18,28,0,0,18.281,28.0,-1.276,1.19,1999-02-06,0,0,1,1
29800013,5,1610612738,1610612739,65,344,368,1477,1499,682,958,980,1507,1538,6,0,0,0.0,0.0,653,659,1,PT01M07.00S,1,PT01M01.00S,0,0,0,0,-1.276,1.19,-1.276,1.19,1999-02-06,0,0,1,1
29800013,6,1610612738,1610612739,35,65,344,1477,1499,271,682,958,980,1507,145,0,0,0.0,-1.721,659,804,1,PT01M01.00S,2,PT10M36.00S,0,0,0,0,-1.276,1.19,-1.276,-0.532,1999-02-06,0,0,1,1
29800013,7,1610612738,1610612739,35,344,1477,1499,1831,271,682,958,980,1507,46,0,0,0.0,0.0,804,850,2,PT10M36.00S,2,PT09M50.00S,0,0,0,0,-1.276,-0.532,-1.276,-0.532,1999-02-06,0,0,1,1
29800013,8,1610612738,1610612739,35,344,1477,1499,1831,271,431,682,980,1507,57,0,0,0.0,0.0,850,907,2,PT09M50.00S,2,PT08M53.00S,0,0,0,0,-1.276,-0.532,-1.276,-0.532,1999-02-06,0,0,1,1
29800013,9,1610612738,1610612739,35,72,952,1477,1831,271,431,682,980,1507,28,0,0,0.0,0.0,907,935,2,PT08M53.00S,2,PT08M25.00S,0,0,0,0,-1.276,-0.532,-1.276,-0.532,1999-02-06,0,0,1,1
29800013,10,1610612738,1610612739,35,72,952,1477,1718,271,431,682,980,1507,12,30,37,30.0,37.0,935,947,2,PT08M25.00S,2,PT08M13.00S,0,0,30,37,-1.276,-0.532,28.724,36.468,1999-02-06,0,0,1,1
29800013,11,1610612738,1610612739,35,65,72,952,1477,271,431,682,980,1507,59,-30,-37,-30.0,-37.0,947,1006,2,PT08M13.00S,2,PT07M14.00S,30,37,0,0,28.724,36.468,-1.276,-0.532,1999-02-06,0,0,1,1
29800013,12,1610612738,1610612739,35,65,72,952,1477,271,431,980,1507,1510,13,0,0,0.0,0.0,1006,1019,2,PT07M14.00S,2,PT07M01.00S,0,0,0,0,-1.276,-0.532,-1.276,-0.532,1999-02-06,0,0,1,1
29800013,13,1610612738,1610612739,35,65,72,952,1477,271,431,980,1507,1510,69,0,0,0.0,0.0,1019,1088,2,PT07M01.00S,2,PT05M52.00S,0,0,0,0,-1.276,-0.532,-1.276,-0.532,1999-02-06,0,0,1,1
29800013,14,1610612738,1610612739,35,65,72,952,1477,431,980,1507,1510,1538,2,0,0,0.0,0.0,1088,1090,2,PT05M52.00S,2,PT05M50.00S,0,0,0,0,-1.276,-0.532,-1.276,-0.532,1999-02-06,0,0,1,1
29800013,15,1610612738,1610612739,35,65,72,952,1477,431,445,980,1510,1538,30,0,0,0.0,0.0,1090,1120,2,PT05M50.00S,2,PT05M20.00S,0,0,0,0,-1.276,-0.532,-1.276,-0.532,1999-02-06,0,0,1,1
29800013,16,1610612738,1610612739,35,72,952,1477,1831,431,445,980,1510,1538,95,0,0,-1.711,1.19,1120,1215,2,PT05M20.00S,2,PT03M45.00S,0,0,0,0,-1.276,-0.532,-2.986,0.658,1999-02-06,0,0,1,1
29800013,17,1610612738,1610612739,72,368,952,1477,1831,431,445,980,1510,1538,134,0,0,0.0,-1.517,1215,1349,2,PT03M45.00S,2,PT01M31.00S,0,0,0,0,-2.986,0.658,-2.986,-0.858,1999-02-06,0,0,1,1
29800013,18,1610612738,1610612739,35,72,1477,1499,1831,431,445,980,1510,1538,24,0,0,0.0,0.0,1349,1373,2,PT01M31.00S,2,PT01M07.00S,0,0,0,0,-2.986,-0.858,-2.986,-0.858,1999-02-06,0,0,1,1
29800013,19,1610612738,1610612739,35,72,1477,1499,1831,445,958,980,1510,1538,42,0,0,0.0,0.0,1373,1415,2,PT01M07.00S,2,PT00M24.90S,0,0,0,0,-2.986,-0.858,-2.986,-0.858,1999-02-06,0,0,1,1
29800013,20,1610612738,1610612739,35,72,1477,1499,1831,445,958,980,1507,1538,102,45,46,45.996,46.0,1415,1517,2,PT00M24.90S,3,PT10M43.00S,0,0,45,46,-2.986,-0.858,43.01,45.142,1999-02-06,0,0,1,1
29800013,21,1610612738,1610612739,35,72,1477,1499,1831,445,958,980,1507,1538,226,-45,-46,-45.0,-46.319,1517,1743,3,PT10M43.00S,3,PT06M57.00S,45,46,0,0,43.01,45.142,-1.99,-1.177,1999-02-06,0,0,1,1
29800013,22,1610612738,1610612739,35,344,1477,1499,1831,445,958,980,1507,1538,69,0,0,0.0,0.0,1743,1812,3,PT06M57.00S,3,PT05M48.00S,0,0,0,0,-1.99,-1.177,-1.99,-1.177,1999-02-06,0,0,1,1
29800013,23,1610612738,1610612739,344,368,1477,1499,1831,445,958,980,1507,1538,42,52,55,52.996,55.0,1812,1854,3,PT05M48.00S,3,PT05M06.00S,0,0,52,55,-1.99,-1.177,51.006,53.823,1999-02-06,0,0,1,1
29800013,24,1610612738,1610612739,35,344,1477,1499,1831,445,958,980,1507,1538,94,-52,-55,-52.0,-53.716,1854,1948,3,PT05M06.00S,3,PT03M32.00S,52,55,0,0,51.006,53.823,-0.994,0.107,1999-02-06,0,0,1,1
29800013,25,1610612738,1610612739,35,344,1477,1499,1831,445,958,980,1507,1538,73,0,0,0.0,0.0,1948,2021,3,PT03M32.00S,3,PT02M19.00S,0,0,0,0,-0.994,0.107,-0.994,0.107,1999-02-06,0,0,1,1
29800013,26,1610612738,1610612739,35,344,1477,1499,1831,271,445,682,958,980,137,0,0,0.0,0.0,2021,2158,3,PT02M19.00S,3,PT00M02.00S,0,0,0,0,-0.994,0.107,-0.994,0.107,1999-02-06,0,0,1,1
29800014,0,1610612755,1610612753,248,689,727,761,947,98,270,358,448,1134,331,5,5,6.049,5.0,0,331,1,PT12M00.00S,1,PT06M29.00S,0,0,5,5,0.0,0.0,6.049,5.0,1999-02-06,0,0,1,1
29800014,1,1610612755,1610612753,265,689,727,761,947,98,270,358,448,1134,187,6,6,6.0,6.994,331,518,1,PT06M29.00S,1,PT03M22.00S,5,5,11,11,6.049,5.0,12.049,11.994,1999-02-06,0,0,1,1
29800014,2,1610612755,1610612753,265,689,727,761,1716,270,353,358,448,1134,50,0,4,0.0,4.0,518,568,1,PT03M22.00S,1,PT02M32.00S,11,11,11,15,12.049,11.994,12.049,15.994,1999-02-06,0,0,1,1
29800014,3,1610612755,1610612753,265,689,761,947,1716,270,353,358,1134,1723,49,4,0,4.0,0.0,568,617,1,PT02M32.00S,1,PT01M43.00S,11,15,15,15,12.049,15.994,16.049,15.994,1999-02-06,0,0,1,1
29800014,4,1610612755,1610612753,265,761,947,1501,1716,270,353,358,1720,1723,55,1,4,1.0,4.0,617,672,1,PT01M43.00S,1,PT00M48.50S,15,15,16,19,16.049,15.994,17.049,19.994,1999-02-06,0,0,1,1
29800014,5,1610612755,1610612753,243,265,761,947,1501,270,353,358,1720,1723,33,3,0,3.0,0.0,672,705,1,PT00M48.50S,1,PT00M15.40S,16,19,19,19,17.049,19.994,20.049,19.994,1999-02-06,0,0,1,1
29800014,6,1610612755,1610612753,243,265,281,727,1501,270,353,358,1720,1723,78,3,2,3.0,3.971,705,783,1,PT00M15.40S,2,PT10M57.00S,19,19,22,21,20.049,19.994,23.049,23.965,1999-02-06,0,0,1,1
29800014,7,1610612755,1610612753,243,265,281,947,1501,270,353,358,786,1720,30,1,1,1.0,1.0,783,813,2,PT10M57.00S,2,PT10M27.00S,23,21,24,22,24.049,23.965,25.049,24.965,1999-02-06,0,0,1,1
29800014,8,1610612755,1610612753,243,265,761,947,1501,270,353,358,786,1134,50,3,5,3.0,3.287,936,986,2,PT08M24.00S,2,PT07M34.00S,30,25,33,30,31.049,26.253,34.049,29.54,1999-02-06,0,0,1,1
29800014,9,1610612755,1610612753,243,265,761,947,1716,270,353,358,786,1134,89,1,3,1.0,3.0,986,1075,2,PT07M34.00S,2,PT06M05.00S,33,30,34,33,34.049,29.54,35.049,32.54,1999-02-06,0,0,1,1
29800014,10,1610612755,1610612753,243,265,281,727,1515,77,353,786,1134,1720,151,4,2,5.049,2.986,1699,1850,3,PT07M41.00S,3,PT05M10.00S,57,49,61,51,60.098,49.534,65.147,52.52,1999-02-06,0,0,1,1
29800014,11,1610612755,1610612753,243,265,281,727,1515,77,353,786,1134,1720,36,0,0,0.0,0.0,1850,1886,3,PT05M10.00S,3,PT04M34.00S,61,51,61,51,65.147,52.52,65.147,52.52,1999-02-06,0,0,1,1
29800014,12,1610612755,1610612753,243,265,281,1515,1716,77,353,786,1134,1720,82,2,4,0.575,4.0,1886,1968,3,PT04M34.00S,3,PT03M12.00S,61,51,63,55,65.147,52.52,65.722,56.52,1999-02-06,0,0,1,1
29800015,0,1610612764,1610612761,384,393,426,436,782,57,891,1541,1565,1713,299,0,0,-0.628,1.108,0,299,1,PT12M00.00S,1,PT07M01.00S,0,0,0,0,0.0,0.0,-0.628,1.108,1999-02-06,0,0,1,1
29800015,1,1610612764,1610612761,43,384,426,436,782,57,891,1541,1565,1713,75,0,0,1.092,0.0,299,374,1,PT07M01.00S,1,PT05M46.00S,0,0,0,0,-0.628,1.108,0.465,1.108,1999-02-06,0,0,1,1
29800015,2,1610612764,1610612761,43,384,426,436,782,57,891,1073,1541,1713,76,0,0,0.0,0.0,374,450,1,PT05M46.00S,1,PT04M30.00S,0,0,0,0,0.465,1.108,0.465,1.108,1999-02-06,0,0,1,1
29800015,3,1610612764,1610612761,384,393,426,436,782,57,891,1073,1541,1713,19,0,0,0.0,0.0,450,469,1,PT04M30.00S,1,PT04M11.00S,0,0,0,0,0.465,1.108,0.465,1.108,1999-02-06,0,0,1,1
29800015,4,1610612764,1610612761,384,393,426,782,901,57,891,1073,1541,1713,75,0,0,0.9,0.0,469,544,1,PT04M11.00S,1,PT02M56.00S,0,0,0,0,0.465,1.108,1.365,1.108,1999-02-06,0,0,1,1
29800015,5,1610612764,1610612761,384,393,436,782,901,57,961,1073,1503,1541,117,0,0,-1.614,0.0,544,661,1,PT02M56.00S,1,PT00M59.20S,0,0,0,0,1.365,1.108,-0.249,1.108,1999-02-06,0,0,1,1
29800015,6,1610612764,1610612761,145,393,436,782,901,57,961,1073,1503,1541,30,0,0,-1.612,0.0,661,691,1,PT00M59.20S,1,PT00M29.30S,0,0,0,0,-0.249,1.108,-1.861,1.108,1999-02-06,0,0,1,1
29800015,7,1610612764,1610612761,100,145,393,436,901,57,961,1073,1503,1541,77,0,0,0.905,0.0,691,768,1,PT00M29.30S,2,PT11M12.00S,0,0,0,0,-1.861,1.108,-0.957,1.108,1999-02-06,0,0,1,1
29800015,8,1610612764,1610612761,100,145,393,436,901,57,891,961,1503,1541,79,0,0,0.0,0.0,768,847,2,PT11M12.00S,2,PT09M53.00S,0,0,0,0,-0.957,1.108,-0.957,1.108,1999-02-06,0,0,1,1
29800015,9,1610612764,1610612761,145,384,393,782,901,57,891,961,1503,1541,60,29,28,29.0,29.004,847,907,2,PT09M53.00S,2,PT08M53.00S,0,0,29,28,-0.957,1.108,28.043,30.113,1999-02-06,0,0,1,1
29800015,10,1610612764,1610612761,145,384,393,782,901,57,891,1503,1519,1541,103,-29,-28,-28.095,-28.0,907,1010,2,PT08M53.00S,2,PT07M10.00S,29,28,0,0,28.043,30.113,-0.052,2.113,1999-02-06,0,0,1,1
29800015,11,1610612764,1610612761,43,384,436,782,901,57,891,1503,1519,1541,17,0,0,0.0,0.0,1010,1027,2,PT07M10.00S,2,PT06M53.00S,0,0,0,0,-0.052,2.113,-0.052,2.113,1999-02-06,0,0,1,1
29800015,12,1610612764,1610612761,145,384,393,436,901,57,244,961,1519,1541,97,-72,-84,-72.0,-85.702,2402,2499,4,PT07M58.00S,4,PT06M21.00S,72,84,0,0,73.164,76.833,1.164,-8.869,1999-02-06,0,0,1,1
29800015,13,1610612764,1610612761,145,384,393,436,901,57,244,891,1519,1541,135,0,0,0.0,1.004,2499,2634,4,PT06M21.00S,4,PT04M06.00S,0,0,0,0,1.164,-8.869,1.164,-7.865,1999-02-06,0,0,1,1
29800015,14,1610612764,1610612761,145,384,393,436,901,57,244,891,1073,1541,101,90,93,86.579,93.0,2634,2735,4,PT04M06.00S,4,PT02M25.00S,0,0,90,93,1.164,-7.865,87.743,85.135,1999-02-06,0,0,1,1
29800015,15,1610612764,1610612761,145,384,393,436,901,57,244,891,1073,1503,26,-90,-93,-90.0,-93.0,2735,2761,4,PT02M25.00S,4,PT01M59.00S,90,93,0,0,87.743,85.135,-2.257,-7.865,1999-02-06,0,0,1,1
29800015,16,1610612764,1610612761,145,384,393,426,436,57,244,891,1073,1503,21,0,0,0.0,0.0,2761,2782,4,PT01M59.00S,4,PT01M38.00S,0,0,0,0,-2.257,-7.865,-2.257,-7.865,1999-02-06,0,0,1,1
29800016,0,1610612766,1610612749,133,184,456,462,934,210,238,288,299,951,202,8,6,8.329,7.067,0,202,1,PT12M00.00S,1,PT08M38.00S,0,0,8,6,0.0,0.0,8.329,7.067,1999-02-06,0,0,1,1
29800016,1,1610612766,1610612749,184,456,769,934,1593,210,288,299,951,1714,106,7,2,7.0,2.0,389,495,1,PT05M31.00S,1,PT03M45.00S,13,14,20,16,11.634,15.067,18.634,17.067,1999-02-06,0,0,1,1
29800016,2,1610612766,1610612749,456,769,934,1593,1729,210,288,299,951,1714,47,4,0,2.174,0.0,495,542,1,PT03M45.00S,1,PT02M58.00S,20,16,24,16,18.634,17.067,20.808,17.067,1999-02-06,0,0,1,1
29800016,3,1610612766,1610612749,359,462,769,1593,1729,210,288,299,951,1714,10,0,0,0.0,0.0,542,552,1,PT02M58.00S,1,PT02M48.00S,24,16,24,16,20.808,17.067,20.808,17.067,1999-02-06,0,0,1,1
29800016,4,1610612766,1610612749,359,462,769,1593,1729,210,288,688,951,1714,49,0,0,0.0,0.0,552,601,1,PT02M48.00S,1,PT01M59.00S,24,16,24,16,20.808,17.067,20.808,17.067,1999-02-06,0,0,1,1
29800016,5,1610612766,1610612749,359,462,769,1593,1729,209,219,288,688,1714,197,8,7,8.0,5.416,601,798,1,PT01M59.00S,2,PT10M42.00S,24,16,32,23,20.808,17.067,28.808,22.483,1999-02-06,0,0,1,1
29800016,6,1610612766,1610612749,133,359,462,769,934,209,219,288,688,1714,89,2,4,2.0,5.123,798,887,2,PT10M42.00S,2,PT09M13.00S,32,23,34,27,28.808,22.483,30.808,27.607,1999-02-06,0,0,1,1
29800016,7,1610612766,1610612749,133,359,462,769,934,209,219,288,299,688,54,1,2,1.0,2.0,887,941,2,PT09M13.00S,2,PT08M19.00S,34,27,35,29,30.808,27.607,31.808,29.607,1999-02-06,0,0,1,1
29800016,8,1610612766,1610612749,133,359,462,769,934,209,219,238,299,688,40,2,2,2.0,2.0,941,981,2,PT08M19.00S,2,PT07M39.00S,35,29,37,31,31.808,29.607,33.808,31.607,1999-02-06,0,0,1,1
29800016,9,1610612766,1610612749,133,184,359,462,934,209,219,238,299,688,21,0,2,0.0,2.0,981,1002,2,PT07M39.00S,2,PT07M18.00S,37,31,37,33,33.808,31.607,33.808,33.607,1999-02-06,0,0,1,1
29800016,10,1610612766,1610612749,133,184,456,462,934,209,219,299,688,951,51,0,0,0.0,0.0,1002,1053,2,PT07M18.00S,2,PT06M27.00S,37,33,37,33,33.808,33.607,33.808,33.607,1999-02-06,0,0,1,1
29800016,11,1610612766,1610612749,133,184,456,462,769,209,210,299,688,951,129,5,5,5.452,3.489,1053,1182,2,PT06M27.00S,2,PT04M18.00S,37,33,42,38,33.808,33.607,39.26,37.096,1999-02-06,0,0,1,1
29800016,12,1610612766,1610612749,133,184,456,462,769,210,299,688,911,951,12,2,1,2.0,1.0,1182,1194,2,PT04M18.00S,2,PT04M06.00S,42,38,44,39,39.26,37.096,41.26,38.096,1999-02-06,0,0,1,1
29800016,13,1610612766,1610612749,133,184,456,769,934,210,299,688,911,951,94,5,3,4.559,3.0,1194,1288,2,PT04M06.00S,2,PT02M32.00S,44,39,49,42,41.26,38.096,45.818,41.096,1999-02-06,0,0,1,1
29800016,14,1610612766,1610612749,133,184,456,769,934,210,219,299,911,951,98,8,7,8.0,7.0,1288,1386,2,PT02M32.00S,2,PT00M53.80S,49,42,57,49,45.818,41.096,53.818,48.096,1999-02-06,0,0,1,1
29800016,15,1610612766,1610612749,133,184,769,934,1576,210,219,288,299,951,25,0,0,0.0,0.0,1386,1411,2,PT00M53.80S,2,PT00M29.00S,57,49,57,49,53.818,48.096,53.818,48.096,1999-02-06,0,0,1,1
29800016,16,1610612766,1610612749,133,184,769,934,1576,210,219,288,688,951,7,1,0,1.0,0.0,1411,1418,2,PT00M29.00S,2,PT00M22.30S,57,49,58,49,53.818,48.096,54.818,48.096,1999-02-06,0,0,1,1
29800016,17,1610612766,1610612749,133,184,769,934,1576,210,219,688,911,951,328,2,11,4.152,7.978,1418,1746,2,PT00M22.30S,3,PT06M54.00S,58,49,60,60,54.818,48.096,58.97,56.073,1999-02-06,0,0,1,1
29800016,18,1610612766,1610612749,184,695,769,1576,1593,209,219,288,688,951,89,2,4,2.0,4.919,2044,2133,3,PT01M56.00S,3,PT00M27.20S,71,67,73,71,68.094,63.073,70.094,67.992,1999-02-06,0,0,1,1
29800017,0,1610612737,1610612751,87,111,120,302,673,208,383,420,446,1496,473,13,12,14.06,12.0,0,473,1,PT12M00.00S,1,PT04M07.00S,0,0,13,12,0.0,0.0,14.06,12.0,1999-02-06,0,0,1,1
29800017,1,1610612737,1610612751,87,111,120,302,673,197,208,383,420,1496,114,-13,-12,-14.79,-10.934,473,587,1,PT04M07.00S,1,PT02M13.00S,13,12,0,0,14.06,12.0,-0.73,1.066,1999-02-06,0,0,1,1
29800017,2,1610612737,1610612751,87,111,120,673,1533,29,197,208,383,1496,43,22,16,22.0,16.0,587,630,1,PT02M13.00S,1,PT01M30.00S,0,0,22,16,-0.73,1.066,21.27,17.066,1999-02-06,0,0,1,1
29800017,3,1610612737,1610612751,3,87,111,120,1533,29,197,208,423,446,66,4,4,4.0,4.0,630,696,1,PT01M30.00S,1,PT00M23.90S,22,16,26,20,21.27,17.066,25.27,21.066,1999-02-06,0,0,1,1
29800017,4,1610612737,1610612751,3,111,120,770,1533,29,197,208,423,785,120,4,0,4.0,1.066,696,816,1,PT00M23.90S,2,PT10M24.00S,26,20,30,20,25.27,21.066,29.27,22.133,1999-02-06,0,0,1,1
29800017,5,1610612737,1610612751,3,111,120,770,1533,197,208,420,423,785,10,-30,-20,-30.0,-20.0,816,826,2,PT10M24.00S,2,PT10M14.00S,30,20,0,0,29.27,22.133,-0.73,2.133,1999-02-06,0,0,1,1
29800017,6,1610612737,1610612751,3,770,895,1516,1533,197,208,420,423,785,17,0,0,0.0,0.0,826,843,2,PT10M14.00S,2,PT09M57.00S,0,0,0,0,-0.73,2.133,-0.73,2.133,1999-02-06,0,0,1,1
29800017,7,1610612737,1610612751,3,770,895,1516,1533,197,208,420,785,1496,65,0,0,0.0,0.0,843,908,2,PT09M57.00S,2,PT08M52.00S,0,0,0,0,-0.73,2.133,-0.73,2.133,1999-02-06,0,0,1,1
29800017,8,1610612737,1610612751,3,770,895,1516,1533,208,383,420,785,1496,163,0,0,0.93,0.0,908,1071,2,PT08M52.00S,2,PT06M09.00S,0,0,0,0,-0.73,2.133,0.2,2.133,1999-02-06,0,0,1,1
29800017,9,1610612737,1610612751,302,673,770,895,1516,208,383,420,785,1496,29,0,0,0.0,0.0,1071,1100,2,PT06M09.00S,2,PT05M40.00S,0,0,0,0,0.2,2.133,0.2,2.133,1999-02-06,0,0,1,1
29800017,10,1610612737,1610612751,87,302,673,895,1516,208,383,420,785,1496,14,38,31,38.0,31.0,1100,1114,2,PT05M40.00S,2,PT05M26.00S,0,0,38,31,0.2,2.133,38.2,33.133,1999-02-06,0,0,1,1
29800017,11,1610612737,1610612751,87,111,302,673,1516,208,383,420,785,1496,150,-38,-31,-38.0,-31.574,1114,1264,2,PT05M26.00S,2,PT02M56.00S,38,31,0,0,38.2,33.133,0.2,1.559,1999-02-06,0,0,1,1
29800017,12,1610612737,1610612751,87,111,120,302,673,197,208,383,420,1496,116,0,0,0.0,0.0,1264,1380,2,PT02M56.00S,2,PT00M59.90S,0,0,0,0,0.2,1.559,0.2,1.559,1999-02-06,0,0,1,1
29800017,13,1610612737,1610612751,87,111,120,302,673,197,208,420,423,785,17,-51,-41,-51.0,-41.0,1380,1397,2,PT00M59.90S,2,PT00M42.60S,51,41,0,0,51.2,42.559,0.2,1.559,1999-02-06,0,0,1,1
29800017,14,1610612737,1610612751,111,120,302,673,770,29,197,208,423,785,220,-53,-41,-54.646,-38.898,1397,1617,2,PT00M42.60S,3,PT09M03.00S,53,41,0,0,53.2,42.559,-1.447,3.66,1999-02-06,0,0,1,1
29800017,15,1610612737,1610612751,111,120,302,673,770,29,197,208,423,785,112,0,0,0.0,1.036,1617,1729,3,PT09M03.00S,3,PT07M11.00S,0,0,0,0,-1.447,3.66,-1.447,4.696,1999-02-06,0,0,1,1
29800017,16,1610612737,1610612751,111,120,302,673,770,29,208,423,446,785,14,0,0,0.0,0.0,1729,1743,3,PT07M11.00S,3,PT06M57.00S,0,0,0,0,-1.447,4.696,-1.447,4.696,1999-02-06,0,0,1,1
29800017,17,1610612737,1610612751,111,120,673,770,1533,29,208,423,446,785,71,0,0,0.0,0.0,1743,1814,3,PT06M57.00S,3,PT05M46.00S,0,0,0,0,-1.447,4.696,-1.447,4.696,1999-02-06,0,0,1,1
29800017,18,1610612737,1610612751,111,120,673,770,1533,29,208,423,446,785,82,70,61,70.0,61.0,1814,1896,3,PT05M46.00S,3,PT04M24.00S,0,0,70,61,-1.447,4.696,68.553,65.696,1999-02-06,0,0,1,1
29800017,19,1610612737,1610612751,3,120,302,770,1533,29,197,423,446,785,118,-78,-72,-78.0,-72.0,2063,2181,3,PT01M37.00S,4,PT11M39.00S,78,72,0,0,76.553,76.696,-1.447,4.696,1999-02-06,0,0,1,1
29800017,20,1610612737,1610612751,3,120,302,770,1533,29,197,383,423,446,33,0,0,0.0,0.0,2181,2214,4,PT11M39.00S,4,PT11M06.00S,0,0,0,0,-1.447,4.696,-1.447,4.696,1999-02-06,0,0,1,1
29800017,21,1610612737,1610612751,3,87,120,302,1516,197,383,420,423,446,71,-83,-76,-83.0,-76.0,2214,2285,4,PT11M06.00S,4,PT09M55.00S,83,76,0,0,81.553,80.696,-1.447,4.696,1999-02-06,0,0,1,1
29800017,22,1610612737,1610612751,3,87,120,302,1516,197,383,420,446,1496,143,0,0,1.036,0.0,2285,2428,4,PT09M55.00S,4,PT07M32.00S,0,0,0,0,-1.447,4.696,-0.411,4.696,1999-02-06,0,0,1,1
29800017,23,1610612737,1610612751,87,111,120,302,673,197,383,420,446,1496,35,0,0,-0.0,0.0,2428,2463,4,PT07M32.00S,4,PT06M57.00S,0,0,0,0,-0.411,4.696,-0.411,4.696,1999-02-06,0,0,1,1
29800017,24,1610612737,1610612751,3,111,120,302,673,383,420,423,967,1496,11,111,106,111.0,106.0,2869,2880,4,PT00M11.20S,4,PT00M00.00S,0,0,111,106,-1.098,2.507,109.902,108.507,1999-02-06,0,0,1,1
29800018,0,1610612759,1610612750,251,422,764,1114,1495,324,693,708,950,1051,227,0,0,2.148,0.0,0,227,1,PT12M00.00S,1,PT08M13.00S,0,0,0,0,0.0,0.0,2.148,0.0,1999-02-06,0,0,1,1
29800018,1,1610612759,1610612750,251,422,764,1114,1495,324,417,708,950,1051,113,0,0,1.006,0.0,227,340,1,PT08M13.00S,1,PT06M20.00S,0,0,0,0,2.148,0.0,3.154,0.0,1999-02-06,0,0,1,1
29800018,2,1610612759,1610612750,251,422,764,1114,1495,417,708,907,950,1051,26,0,0,0.0,0.0,340,366,1,PT06M20.00S,1,PT05M54.00S,0,0,0,0,3.154,0.0,3.154,0.0,1999-02-06,0,0,1,1
29800018,3,1610612759,1610612750,70,251,422,764,1495,417,708,907,950,1051,82,10,10,10.0,10.0,366,448,1,PT05M54.00S,1,PT04M32.00S,0,0,10,10,3.154,0.0,13.154,10.0,1999-02-06,0,0,1,1
29800018,4,1610612759,1610612750,70,251,422,781,1495,67,417,907,950,1051,41,0,0,0.0,0.0,448,489,1,PT04M32.00S,1,PT03M51.00S,0,0,0,0,3.154,0.0,3.154,0.0,1999-02-06,0,0,1,1
29800018,5,1610612759,1610612750,53,70,422,781,1495,67,417,907,950,1051,33,15,11,15.0,11.0,489,522,1,PT03M51.00S,1,PT03M18.00S,0,0,15,11,3.154,0.0,18.154,11.0,1999-02-06,0,0,1,1
29800018,6,1610612759,1610612750,53,70,781,1495,1498,67,324,417,907,950,279,-15,-11,-15.0,-10.146,522,801,1,PT03M18.00S,2,PT10M39.00S,15,11,0,0,18.154,11.0,3.154,0.854,1999-02-06,0,0,1,1
29800018,7,1610612759,1610612750,53,70,760,764,1498,67,324,417,907,950,46,0,0,0.0,0.0,801,847,2,PT10M39.00S,2,PT09M53.00S,0,0,0,0,3.154,0.854,3.154,0.854,1999-02-06,0,0,1,1
29800018,8,1610612759,1610612750,53,422,760,764,1114,67,324,417,907,950,30,0,0,0.0,0.0,847,877,2,PT09M53.00S,2,PT09M23.00S,0,0,0,0,3.154,0.854,3.154,0.854,1999-02-06,0,0,1,1
29800018,9,1610612759,1610612750,251,422,760,764,1114,67,324,713,907,950,42,0,0,0.0,1.178,877,919,2,PT09M23.00S,2,PT08M41.00S,0,0,0,0,3.154,0.854,3.154,2.033,1999-02-06,0,0,1,1
29800018,10,1610612759,1610612750,251,422,760,764,1114,67,324,713,907,950,130,0,0,1.142,0.0,1030,1160,2,PT06M50.00S,2,PT04M40.00S,0,0,0,0,3.154,4.097,4.296,4.097,1999-02-06,0,0,1,1
29800018,11,1610612759,1610612750,251,422,764,1114,1495,67,324,713,907,950,95,0,0,0.0,0.0,1160,1255,2,PT04M40.00S,2,PT03M05.00S,0,0,0,0,4.296,4.097,4.296,4.097,1999-02-06,0,0,1,1
29800018,12,1610612759,1610612750,251,781,1114,1495,1498,67,417,907,950,1517,353,52,30,53.006,31.01,1359,1712,2,PT01M21.00S,3,PT07M28.00S,0,0,52,30,4.296,2.246,57.302,33.256,1999-02-06,0,0,1,1
29800018,13,1610612759,1610612750,251,781,1114,1495,1498,67,417,907,950,1517,52,-52,-30,-53.649,-30.0,1712,1764,3,PT07M28.00S,3,PT06M36.00S,52,30,0,0,57.302,33.256,3.653,3.256,1999-02-06,0,0,1,1
29800018,14,1610612759,1610612750,70,251,781,1495,1498,67,417,907,950,1517,107,0,0,1.232,0.0,1764,1871,3,PT06M36.00S,3,PT04M49.00S,0,0,0,0,3.653,3.256,4.886,3.256,1999-02-06,0,0,1,1
29800018,15,1610612759,1610612750,53,70,781,1495,1498,67,417,907,950,1517,48,0,0,0.0,-1.617,1871,1919,3,PT04M49.00S,3,PT04M01.00S,0,0,0,0,4.886,3.256,4.886,1.639,1999-02-06,0,0,1,1
29800018,16,1610612759,1610612750,53,70,781,1495,1498,67,417,907,950,1517,91,62,44,62.0,44.0,1919,2010,3,PT04M01.00S,3,PT02M30.00S,0,0,62,44,4.886,1.639,66.886,45.639,1999-02-06,0,0,1,1
29800018,17,1610612759,1610612750,53,70,781,1495,1498,67,417,907,950,1517,176,-62,-44,-62.0,-44.0,2010,2186,3,PT02M30.00S,4,PT11M34.00S,62,44,0,0,66.886,45.639,4.886,1.639,1999-02-06,0,0,1,1
29800018,18,1610612759,1610612750,53,70,764,1495,1498,67,417,907,950,1517,86,0,0,0.0,0.0,2186,2272,4,PT11M34.00S,4,PT10M08.00S,0,0,0,0,4.886,1.639,4.886,1.639,1999-02-06,0,0,1,1
29800018,19,1610612759,1610612750,53,70,760,764,1498,67,417,907,950,1517,21,0,0,0.0,0.0,2272,2293,4,PT10M08.00S,4,PT09M47.00S,0,0,0,0,4.886,1.639,4.886,1.639,1999-02-06,0,0,1,1
29800019,0,1610612744,1610612745,168,177,317,679,956,165,787,937,1074,1722,304,0,0,-0.663,0.94,0,304,1,PT12M00.00S,1,PT06M56.00S,0,0,0,0,0.0,0.0,-0.663,0.94,1999-02-06,0,0,1,1
29800019,1,1610612744,1610612745,168,177,187,317,1502,165,787,937,1074,1722,122,0,0,0.0,0.0,304,426,1,PT06M56.00S,1,PT04M54.00S,0,0,0,0,-0.663,0.94,-0.663,0.94,1999-02-06,0,0,1,1
29800019,2,1610612744,1610612745,187,902,923,960,1502,165,937,970,1722,1724,217,21,14,20.364,13.386,426,643,1,PT04M54.00S,1,PT01M17.00S,0,0,21,14,-0.663,0.94,19.701,14.327,1999-02-06,0,0,1,1
29800019,3,1610612744,1610612745,187,679,902,923,960,165,937,970,1722,1724,30,-21,-14,-21.0,-14.0,643,673,1,PT01M17.00S,1,PT00M47.10S,21,14,0,0,19.701,14.327,-1.299,0.327,1999-02-06,0,0,1,1
29800019,4,1610612744,1610612745,187,679,902,923,960,165,672,970,1722,1724,36,0,0,0.0,0.0,673,709,1,PT00M47.10S,1,PT00M10.90S,0,0,0,0,-1.299,0.327,-1.299,0.327,1999-02-06,0,0,1,1
29800019,5,1610612744,1610612745,187,679,902,923,960,165,672,970,1722,1724,207,0,0,-1.643,-1.579,709,916,1,PT00M10.90S,2,PT08M44.00S,0,0,0,0,-1.299,0.327,-2.942,-1.252,1999-02-06,0,1,1,1
29800019,6,1610612744,1610612745,177,187,679,960,1712,165,672,970,1722,1724,71,0,0,0.0,0.0,916,987,2,PT08M44.00S,2,PT07M33.00S,0,0,0,0,-2.942,-1.252,-2.942,-1.252,1999-02-06,0,1,1,1
29800019,7,1610612744,1610612745,177,187,960,1502,1712,165,672,970,1722,1724,22,0,0,0.0,1.087,987,1009,2,PT07M33.00S,2,PT07M11.00S,0,0,0,0,-2.942,-1.252,-2.942,-0.166,1999-02-06,0,1,1,1
29800019,8,1610612744,1610612745,177,187,960,1502,1712,165,937,970,1722,1724,26,0,0,0.996,0.0,1009,1035,2,PT07M11.00S,2,PT06M45.00S,0,0,0,0,-2.942,-0.166,-1.946,-0.166,1999-02-06,0,1,1,1
29800020,0,1610612752,1610612748,84,121,275,703,913,105,136,297,469,896,423,0,0,0.0,-1.625,0,423,1,PT12M00.00S,1,PT04M57.00S,0,0,0,0,0.0,0.0,0.0,-1.625,1999-02-07,0,0,1,1
29800020,1,1610612752,1610612748,121,164,275,703,913,105,136,221,469,896,36,0,0,0.0,0.0,524,560,1,PT03M16.00S,1,PT02M40.00S,0,0,0,0,0.0,-1.625,0.0,-1.625,1999-02-07,0,0,1,1
29800020,2,1610612752,1610612748,164,201,275,703,913,105,136,221,469,896,44,0,0,-1.364,0.0,560,604,1,PT02M40.00S,1,PT01M56.00S,0,0,0,0,0.0,-1.625,-1.364,-1.625,1999-02-07,0,0,1,1
29800020,3,1610612752,1610612748,84,164,201,275,703,105,136,221,345,469,60,0,0,0.0,-1.605,604,664,1,PT01M56.00S,1,PT00M55.60S,0,0,0,0,-1.364,-1.625,-1.364,-3.23,1999-02-07,0,0,1,1
29800020,4,1610612752,1610612748,84,164,201,275,703,136,173,221,345,469,110,24,26,22.477,26.0,664,774,1,PT00M55.60S,2,PT11M06.00S,0,0,24,26,-1.364,-3.23,21.114,22.77,1999-02-07,0,0,1,1
29800020,5,1610612752,1610612748,84,164,201,275,703,173,221,297,345,469,60,-24,-26,-24.0,-26.0,774,834,2,PT11M06.00S,2,PT10M06.00S,24,26,0,0,21.114,22.77,-2.886,-3.23,1999-02-07,0,0,1,1
29800020,6,1610612752,1610612748,84,164,201,703,913,173,221,297,345,469,84,24,29,24.0,29.0,834,918,2,PT10M06.00S,2,PT08M42.00S,0,0,24,29,-2.886,-3.23,21.114,25.77,1999-02-07,0,0,1,1
29800020,7,1610612752,1610612748,84,121,164,913,948,173,221,297,345,469,47,-24,-29,-25.744,-29.0,918,965,2,PT08M42.00S,2,PT07M55.00S,24,29,0,0,21.114,25.77,-4.63,-3.23,1999-02-07,0,0,1,1
29800020,8,1610612752,1610612748,84,121,164,913,948,173,221,297,469,896,89,0,0,2.07,0.0,965,1054,2,PT07M55.00S,2,PT06M26.00S,0,0,0,0,-4.63,-3.23,-2.56,-3.23,1999-02-07,0,0,1,1
29800020,9,1610612752,1610612748,84,121,164,913,948,105,136,221,469,896,54,0,0,-1.75,0.0,1054,1108,2,PT06M26.00S,2,PT05M32.00S,0,0,0,0,-2.56,-3.23,-4.31,-3.23,1999-02-07,0,0,1,1
29800020,10,1610612752,1610612748,84,121,275,369,948,105,136,221,469,896,47,0,0,0.0,0.0,1108,1155,2,PT05M32.00S,2,PT04M45.00S,0,0,0,0,-4.31,-3.23,-4.31,-3.23,1999-02-07,0,0,1,1
29800020,11,1610612752,1610612748,84,121,275,369,948,105,136,297,707,896,88,0,0,0.0,0.0,1155,1243,2,PT04M45.00S,2,PT03M17.00S,0,0,0,0,-4.31,-3.23,-4.31,-3.23,1999-02-07,0,0,1,1
29800020,12,1610612752,1610612748,84,121,275,369,913,105,136,297,707,896,115,0,0,-1.71,-1.692,1243,1358,2,PT03M17.00S,2,PT01M22.00S,0,0,0,0,-4.31,-3.23,-6.02,-4.921,1999-02-07,0,0,1,1
29800020,13,1610612752,1610612748,84,121,275,369,913,105,297,469,707,896,369,0,0,0.635,-1.692,1358,1727,2,PT01M22.00S,3,PT07M13.00S,0,0,0,0,-6.02,-4.921,-5.384,-6.613,1999-02-07,0,0,1,1
29800021,0,1610612751,1610612737,383,420,423,446,1496,3,87,111,302,673,193,0,0,0.0,0.0,0,193,1,PT12M00.00S,1,PT08M47.00S,0,0,0,0,0.0,0.0,0.0,0.0,1999-02-07,0,0,1,1
29800021,1,1610612751,1610612737,197,420,967,1496,1863,87,111,120,673,1533,70,25,25,25.0,25.0,1019,1089,2,PT07M01.00S,2,PT05M51.00S,0,0,25,25,4.133,-0.719,29.133,24.281,1999-02-07,0,0,1,1
29800021,2,1610612751,1610612737,197,420,967,1496,1863,87,111,120,673,1533,17,-25,-25,-25.0,-25.0,1089,1106,2,PT05M51.00S,2,PT05M34.00S,25,25,0,0,29.133,24.281,4.133,-0.719,1999-02-07,0,0,1,1
29800021,3,1610612751,1610612737,197,383,420,1496,1863,87,111,120,673,1533,104,0,0,0.0,1.061,1106,1210,2,PT05M34.00S,2,PT03M50.00S,0,0,0,0,4.133,-0.719,4.133,0.342,1999-02-07,0,0,1,1
29800021,4,1610612751,1610612737,197,383,420,1496,1863,87,111,120,302,673,93,0,0,0.0,-0.0,1210,1303,2,PT03M50.00S,2,PT02M17.00S,0,0,0,0,4.133,0.342,4.133,0.342,1999-02-07,0,0,1,1
29800021,5,1610612751,1610612737,197,383,420,423,1863,87,120,302,673,895,358,44,35,42.389,34.537,1303,1661,2,PT02M17.00S,3,PT08M19.00S,0,0,44,35,4.133,0.342,46.522,34.879,1999-02-07,0,0,1,1
29800021,6,1610612751,1610612737,197,383,420,423,1863,3,87,120,302,895,100,-44,-35,-44.0,-35.686,1661,1761,3,PT08M19.00S,3,PT06M39.00S,44,35,0,0,46.522,34.879,2.522,-0.807,1999-02-07,0,0,1,1
29800021,7,1610612751,1610612737,197,383,420,423,1863,3,87,120,302,895,91,0,0,0.0,0.0,1761,1852,3,PT06M39.00S,3,PT05M08.00S,0,0,0,0,2.522,-0.807,2.522,-0.807,1999-02-07,0,0,1,1
29800021,8,1610612751,1610612737,197,383,420,967,1863,3,87,120,302,895,26,52,44,52.0,44.0,1852,1878,3,PT05M08.00S,3,PT04M42.00S,0,0,52,44,2.522,-0.807,54.522,43.193,1999-02-07,0,0,1,1
29800021,9,1610612751,1610612737,197,383,420,423,1496,87,120,302,673,895,134,0,0,1.033,0.0,2585,2719,4,PT04M55.00S,4,PT02M41.00S,0,0,0,0,0.262,3.201,1.295,3.201,1999-02-07,0,0,1,1
29800021,10,1610612751,1610612737,197,383,420,423,1496,3,87,120,302,895,128,75,67,73.254,67.959,2719,2847,4,PT02M41.00S,4,PT00M33.30S,0,0,75,67,1.295,3.201,74.55,71.16,1999-02-07,0,0,1,1
29800021,11,1610612751,1610612737,197,383,420,423,446,3,87,120,302,895,11,-75,-67,-75.0,-67.0,2847,2858,4,PT00M33.30S,4,PT00M21.90S,75,67,0,0,74.55,71.16,-0.45,4.16,1999-02-07,0,0,1,1
29800021,12,1610612751,1610612737,29,197,423,446,1863,3,87,120,302,895,22,79,69,79.0,69.0,2858,2880,4,PT00M21.90S,4,PT00M00.00S,0,0,79,69,-0.45,4.16,78.55,73.16,1999-02-07,0,0,1,1
29800022,0,1610612765,1610612754,183,247,255,283,919,22,349,397,904,905,356,9,15,8.436,10.046,0,356,1,PT12M00.00S,1,PT06M04.00S,0,0,9,15,0.0,0.0,8.436,10.046,1999-02-07,0,0,1,1
29800022,1,1610612765,1610612754,183,247,255,283,690,22,349,397,904,905,15,0,0,0.0,0.0,356,371,1,PT06M04.00S,1,PT05M49.00S,9,15,9,15,8.436,10.046,8.436,10.046,1999-02-07,0,0,1,1
29800022,2,1610612765,1610612754,247,255,376,690,711,22,349,397,904,905,136,6,2,6.0,3.079,371,507,1,PT05M49.00S,1,PT03M33.00S,9,15,15,17,8.436,10.046,14.436,13.125,1999-02-07,0,0,1,1
29800022,3,1610612765,1610612754,247,255,376,690,711,213,349,397,904,905,135,8,4,8.0,6.088,507,642,1,PT03M33.00S,1,PT01M18.00S,15,17,23,21,14.436,13.125,22.436,19.213,1999-02-07,0,0,1,1
29800022,4,1610612765,1610612754,255,283,376,690,711,147,213,397,696,905,68,3,2,1.414,3.12,642,710,1,PT01M18.00S,1,PT00M09.60S,23,21,26,23,22.436,19.213,23.849,22.333,1999-02-07,0,0,1,1
29800022,5,1610612765,1610612754,247,255,283,690,711,147,213,397,696,905,113,9,5,7.414,6.12,710,823,1,PT00M09.60S,2,PT10M17.00S,26,23,35,28,23.849,22.333,31.263,28.453,1999-02-07,0,0,1,1
29800022,6,1610612765,1610612754,146,247,283,690,711,147,213,397,696,905,28,0,2,0.97,2.0,823,851,2,PT10M17.00S,2,PT09M49.00S,35,28,35,30,31.263,28.453,32.233,30.453,1999-02-07,0,0,1,1
29800022,7,1610612765,1610612754,146,247,283,376,711,147,213,397,696,905,177,5,5,5.0,7.231,851,1028,2,PT09M49.00S,2,PT06M52.00S,35,30,40,35,32.233,30.453,37.233,37.684,1999-02-07,0,0,1,1
29800022,8,1610612765,1610612754,146,247,283,376,711,147,213,397,696,905,43,2,0,2.0,0.0,1028,1071,2,PT06M52.00S,2,PT06M09.00S,40,35,42,35,37.233,37.684,39.233,37.684,1999-02-07,0,0,1,1
29800022,9,1610612765,1610612754,146,247,255,283,711,147,213,696,697,905,330,12,17,11.53,15.413,1431,1761,2,PT00M09.00S,3,PT06M39.00S,54,50,66,67,49.529,52.684,61.059,68.097,1999-02-07,0,0,1,1
29800022,10,1610612765,1610612754,146,247,376,690,711,147,213,696,697,905,37,2,0,2.0,0.975,1933,1970,3,PT03M47.00S,3,PT03M10.00S,72,71,74,71,68.13,71.476,70.13,72.451,1999-02-07,0,0,1,1
29800022,11,1610612765,1610612754,146,247,376,690,711,147,213,696,697,905,91,0,2,0.0,2.0,1970,2061,3,PT03M10.00S,3,PT01M39.00S,74,71,74,73,70.13,72.451,70.13,74.451,1999-02-07,0,0,1,1
29800022,12,1610612765,1610612754,146,247,690,711,966,147,213,696,697,905,13,1,1,1.0,1.0,2061,2074,3,PT01M39.00S,3,PT01M26.00S,74,73,75,74,70.13,74.451,71.13,75.451,1999-02-07,0,0,1,1
29800022,13,1610612765,1610612754,146,247,690,711,966,147,213,696,697,905,58,3,2,4.071,3.12,2074,2132,3,PT01M26.00S,3,PT00M28.10S,75,74,78,76,71.13,75.451,75.202,78.571,1999-02-07,0,0,1,1
29800022,14,1610612765,1610612754,146,247,255,711,966,147,213,696,697,905,12,1,0,1.0,0.0,2132,2144,3,PT00M28.10S,3,PT00M15.50S,78,76,79,76,75.202,78.571,76.202,78.571,1999-02-07,0,0,1,1
29800022,15,1610612765,1610612754,146,247,376,711,966,64,147,213,696,697,13,1,0,1.0,0.0,2144,2157,3,PT00M15.50S,3,PT00M02.80S,79,76,80,76,76.202,78.571,77.202,78.571,1999-02-07,0,0,1,1
29800022,16,1610612765,1610612754,146,183,247,255,711,64,147,213,696,697,61,0,2,0.97,2.0,2157,2218,3,PT00M02.80S,4,PT11M02.00S,80,76,80,78,77.202,78.571,78.172,80.571,1999-02-07,0,0,1,1
29800023,0,1610612756,1610612743,26,339,361,364,467,89,179,677,686,1711,445,18,17,18.0,18.334,0,445,1,PT12M00.00S,1,PT04M35.00S,0,0,18,17,0.0,0.0,18.0,18.334,1999-02-07,0,0,1,1
29800023,1,1610612756,1610612743,45,330,361,467,1727,89,179,686,724,1504,218,9,7,7.095,9.021,445,663,1,PT04M35.00S,1,PT00M56.60S,18,17,27,24,18.0,18.334,25.095,27.355,1999-02-07,0,0,1,1
29800023,2,1610612756,1610612743,45,330,361,1727,1871,89,179,724,1504,1711,52,1,3,1.0,1.366,663,715,1,PT00M56.60S,1,PT00M05.30S,27,24,28,27,25.095,27.355,26.095,28.72,1999-02-07,0,0,1,1
29800023,3,1610612756,1610612743,26,45,330,1727,1871,89,179,724,1504,1711,31,2,0,2.0,0.981,715,746,1,PT00M05.30S,2,PT11M34.00S,28,27,30,27,26.095,28.72,28.095,29.702,1999-02-07,0,0,1,1
29800023,4,1610612756,1610612743,45,330,339,1727,1871,89,179,724,1504,1711,41,2,0,2.0,0.981,746,787,2,PT11M34.00S,2,PT10M53.00S,30,27,32,27,28.095,29.702,30.095,30.683,1999-02-07,0,0,1,1
29800023,5,1610612756,1610612743,45,330,339,1727,1871,89,179,724,1504,1721,69,2,2,2.0,2.0,787,856,2,PT10M53.00S,2,PT09M44.00S,32,27,34,29,30.095,30.683,32.095,32.683,1999-02-07,0,0,1,1
29800023,6,1610612756,1610612743,45,330,339,467,1727,89,677,684,1497,1721,60,4,2,4.0,3.133,1751,1811,3,PT06M49.00S,3,PT05M49.00S,62,56,66,58,64.132,60.932,68.132,64.065,1999-02-07,0,0,1,1
29800023,7,1610612756,1610612743,45,330,339,467,1727,89,677,684,1497,1721,95,4,3,3.306,1.412,1811,1906,3,PT05M49.00S,3,PT04M14.00S,66,58,70,61,68.132,64.065,71.438,65.477,1999-02-07,0,0,1,1
29800023,8,1610612756,1610612743,45,330,467,1727,1871,89,179,684,1497,1721,53,2,0,2.0,1.133,2016,2069,3,PT02M24.00S,3,PT01M31.00S,74,68,76,68,75.438,70.904,77.438,72.038,1999-02-07,0,0,1,1
29800023,9,1610612756,1610612743,45,330,467,1727,1871,179,684,724,1497,1721,281,14,13,12.095,13.0,2069,2350,3,PT01M31.00S,4,PT08M50.00S,76,68,90,81,77.438,72.038,89.533,85.038,1999-02-07,0,0,1,1
29800023,10,1610612756,1610612743,45,330,361,364,467,179,684,724,1497,1721,21,0,0,0.0,0.0,2358,2379,4,PT08M42.00S,4,PT08M21.00S,90,83,90,83,89.533,87.038,89.533,87.038,1999-02-07,0,0,1,1
29800023,11,1610612756,1610612743,45,330,361,364,467,89,179,684,1497,1721,133,3,4,3.0,4.984,2379,2512,4,PT08M21.00S,4,PT06M08.00S,90,83,93,87,89.533,87.038,92.533,92.021,1999-02-07,0,0,1,1
29800023,12,1610612756,1610612743,45,330,361,364,467,89,179,684,1497,1711,135,6,8,4.361,8.0,2512,2647,4,PT06M08.00S,4,PT03M53.00S,93,87,99,95,92.533,92.021,96.894,100.021,1999-02-07,0,0,1,1
29800023,13,1610612756,1610612743,45,330,361,467,1871,89,179,684,1497,1711,9,1,0,1.0,0.0,2647,2656,4,PT03M53.00S,4,PT03M44.00S,99,95,100,95,96.894,100.021,97.894,100.021,1999-02-07,0,0,1,1
29800023,14,1610612756,1610612743,45,339,361,467,1871,89,179,684,1497,1711,42,2,1,2.0,2.037,2656,2698,4,PT03M44.00S,4,PT03M02.00S,100,95,102,96,97.894,100.021,99.894,102.058,1999-02-07,0,0,1,1
29800023,15,1610612756,1610612743,45,339,361,364,467,89,179,684,1497,1711,11,0,0,0.0,0.0,2698,2709,4,PT03M02.00S,4,PT02M51.00S,102,96,102,96,99.894,102.058,99.894,102.058,1999-02-07,0,0,1,1
29800023,16,1610612756,1610612743,45,339,361,467,1871,89,179,684,1497,1711,80,4,4,4.0,4.0,2709,2789,4,PT02M51.00S,4,PT01M31.00S,102,96,106,100,99.894,102.058,103.894,106.058,1999-02-07,0,0,1,1
29800023,17,1610612756,1610612743,45,339,361,364,467,89,179,684,1497,1711,28,0,3,0.0,1.427,2789,2817,4,PT01M31.00S,4,PT01M03.00S,106,100,106,103,103.894,106.058,103.894,107.485,1999-02-07,0,0,1,1
29800023,18,1610612756,1610612743,45,330,339,364,467,89,179,684,1497,1711,13,2,0,2.0,0.0,2817,2830,4,PT01M03.00S,4,PT00M50.00S,106,103,108,103,103.894,107.485,105.894,107.485,1999-02-07,0,0,1,1
29800023,19,1610612756,1610612743,45,339,361,364,467,89,179,684,1497,1711,44,4,5,4.0,5.984,2830,2874,4,PT00M50.00S,4,PT00M06.30S,108,103,112,108,105.894,107.485,109.894,113.468,1999-02-07,0,0,1,1
29800023,20,1610612756,1610612743,45,361,467,1753,1871,89,179,684,1497,1721,6,2,0,2.0,0.0,2874,2880,4,PT00M06.30S,4,PT00M00.00S,113,108,115,108,110.894,113.468,112.894,113.468,1999-02-07,0,0,1,1
29800024,0,1610612746,1610612741,15,239,441,953,1508,95,166,389,457,699,152,0,0,1.135,1.165,0,152,1,PT12M00.00S,1,PT09M28.00S,0,0,0,0,0.0,0.0,1.135,1.165,1999-02-07,0,0,1,1
29800024,1,1610612746,1610612741,15,239,441,1508,1709,95,166,389,457,699,21,2,5,2.0,5.0,152,173,1,PT09M28.00S,1,PT09M07.00S,0,0,2,5,1.135,1.165,3.135,6.165,1999-02-07,0,0,1,1
29800024,2,1610612746,1610612741,239,381,441,1508,1709,95,166,389,457,699,183,5,8,5.988,6.186,173,356,1,PT09M07.00S,1,PT06M04.00S,2,5,7,13,3.135,6.165,9.123,12.351,1999-02-07,0,0,1,1
29800024,3,1610612746,1610612741,239,381,441,1508,1709,54,166,389,457,699,10,-7,-13,-7.0,-13.0,356,366,1,PT06M04.00S,1,PT05M54.00S,7,13,0,0,9.123,12.351,2.123,-0.649,1999-02-07,0,0,1,1
29800024,4,1610612746,1610612741,239,381,441,1037,1709,54,166,389,457,699,3,8,14,8.0,14.0,366,369,1,PT05M54.00S,1,PT05M51.00S,0,0,8,14,2.123,-0.649,10.123,13.351,1999-02-07,0,0,1,1
29800024,5,1610612746,1610612741,381,428,441,1037,1709,54,82,166,389,699,64,2,4,2.0,5.165,369,433,1,PT05M51.00S,1,PT04M47.00S,8,14,10,18,10.123,13.351,12.123,18.516,1999-02-07,0,0,1,1
29800024,6,1610612746,1610612741,381,428,441,1037,1508,54,82,166,389,699,90,-10,-18,-10.0,-18.0,433,523,1,PT04M47.00S,1,PT03M17.00S,10,18,0,0,12.123,18.516,2.123,0.516,1999-02-07,0,0,1,1
29800024,7,1610612746,1610612741,381,428,441,1037,1508,54,82,389,699,753,31,0,0,-0.0,0.0,523,554,1,PT03M17.00S,1,PT02M46.00S,0,0,0,0,2.123,0.516,2.123,0.516,1999-02-07,0,0,1,1
29800024,8,1610612746,1610612741,381,428,1037,1508,1838,54,82,389,699,753,280,0,0,0.0,-1.878,554,834,1,PT02M46.00S,2,PT10M06.00S,0,0,0,0,2.123,0.516,2.123,-1.362,1999-02-07,0,0,1,1
29800024,9,1610612746,1610612741,239,381,1037,1508,1838,95,166,389,457,753,55,-19,-33,-19.0,-33.0,834,889,2,PT10M06.00S,2,PT09M11.00S,19,33,0,0,21.123,31.638,2.123,-1.362,1999-02-07,0,0,1,1
29800024,10,1610612746,1610612741,239,381,1037,1508,1838,95,166,389,457,753,29,20,35,20.0,33.047,889,918,2,PT09M11.00S,2,PT08M42.00S,0,0,20,35,2.123,-1.362,22.123,31.684,1999-02-07,0,0,1,1
29800024,11,1610612746,1610612741,239,381,1037,1709,1838,95,166,389,457,753,136,-20,-35,-21.74,-35.0,918,1054,2,PT08M42.00S,2,PT06M26.00S,20,35,0,0,22.123,31.684,0.383,-3.316,1999-02-07,0,0,1,1
29800024,12,1610612746,1610612741,15,239,1037,1709,1838,166,389,457,712,753,20,25,43,25.0,43.0,1054,1074,2,PT06M26.00S,2,PT06M06.00S,0,0,25,43,0.383,-3.316,25.383,39.684,1999-02-07,0,0,1,1
29800024,13,1610612746,1610612741,15,239,1037,1709,1838,166,389,457,699,712,236,-25,-43,-25.605,-41.835,1074,1310,2,PT06M06.00S,2,PT02M10.00S,25,43,0,0,25.383,39.684,-0.222,-2.151,1999-02-07,0,0,1,1
29800024,14,1610612746,1610612741,15,239,1037,1709,1838,82,166,389,699,712,40,0,0,0.0,0.0,1310,1350,2,PT02M10.00S,2,PT01M30.00S,0,0,0,0,-0.222,-2.151,-0.222,-2.151,1999-02-07,0,0,1,1
29800024,15,1610612746,1610612741,15,239,1037,1709,1838,82,95,166,389,699,18,0,0,0.0,0.0,1350,1368,2,PT01M30.00S,2,PT01M12.00S,0,0,0,0,-0.222,-2.151,-0.222,-2.151,1999-02-07,0,0,1,1
29800024,16,1610612746,1610612741,239,381,1037,1709,1838,82,95,166,389,699,20,0,0,0.966,0.0,1368,1388,2,PT01M12.00S,2,PT00M51.60S,0,0,0,0,-0.222,-2.151,0.744,-2.151,1999-02-07,0,0,1,1
29800024,17,1610612746,1610612741,239,381,1037,1709,1838,54,95,166,389,699,47,0,0,0.0,0.0,1388,1435,2,PT00M51.60S,2,PT00M04.80S,0,0,0,0,0.744,-2.151,0.744,-2.151,1999-02-07,0,0,1,1
29800024,18,1610612746,1610612741,239,381,1037,1709,1838,54,95,389,699,753,352,0,0,2.03,1.705,1435,1787,2,PT00M04.80S,3,PT06M13.00S,0,0,0,0,0.744,-2.151,2.774,-0.445,1999-02-07,0,0,1,1
29800024,19,1610612746,1610612741,381,428,1037,1709,1838,54,389,699,753,1736,97,-50,-65,-50.0,-65.0,1905,2002,3,PT04M15.00S,3,PT02M38.00S,50,65,0,0,53.91,65.617,3.91,0.617,1999-02-07,0,0,1,1
29800024,20,1610612746,1610612741,381,428,1037,1709,1838,82,389,699,753,1736,75,0,0,0.0,0.984,2002,2077,3,PT02M38.00S,3,PT01M23.00S,0,0,0,0,3.91,0.617,3.91,1.601,1999-02-07,0,0,1,1
29800024,21,1610612746,1610612741,381,428,1037,1709,1838,82,699,753,1600,1736,15,0,0,0.0,-0.0,2077,2092,3,PT01M23.00S,3,PT01M08.00S,0,0,0,0,3.91,1.601,3.91,1.601,1999-02-07,0,0,1,1
29800024,22,1610612746,1610612741,381,428,1037,1709,1838,82,699,753,1600,1736,42,61,69,61.0,69.0,2092,2134,3,PT01M08.00S,3,PT00M26.20S,0,0,61,69,3.91,1.601,64.91,70.601,1999-02-07,0,0,1,1
29800024,23,1610612746,1610612741,381,428,1037,1709,1838,82,389,699,753,1600,170,-61,-69,-60.012,-69.0,2134,2304,3,PT00M26.20S,4,PT09M36.00S,61,69,0,0,64.91,70.601,4.898,1.601,1999-02-07,0,0,1,1
29800025,0,1610612747,1610612762,224,406,916,965,977,204,304,731,935,957,113,0,0,0.0,0.0,0,113,1,PT12M00.00S,1,PT10M07.00S,0,0,0,0,0.0,0.0,0.0,0.0,1999-02-07,0,0,1,1
29800025,1,1610612747,1610612762,109,157,224,922,977,204,228,458,935,957,152,0,0,0.0,0.0,563,715,1,PT02M37.00S,1,PT00M05.10S,0,0,0,0,-0.497,0.0,-0.497,0.0,1999-02-07,0,0,1,1
29800025,2,1610612747,1610612762,109,157,224,922,977,138,228,458,935,1000,45,0,0,0.0,1.02,715,760,1,PT00M05.10S,2,PT11M20.00S,0,0,0,0,-0.497,0.0,-0.497,1.02,1999-02-07,0,0,1,1
29800025,3,1610612747,1610612762,109,224,922,965,977,228,304,731,935,1000,27,45,35,45.0,35.887,1299,1326,2,PT02M21.00S,2,PT01M54.00S,0,0,45,35,-0.937,0.208,44.063,36.096,1999-02-07,0,0,1,1
29800025,4,1610612747,1610612762,109,157,922,965,977,228,304,731,935,1000,48,-45,-35,-45.0,-35.0,1326,1374,2,PT01M54.00S,2,PT01M06.00S,45,35,0,0,44.063,36.096,-0.937,1.096,1999-02-07,0,0,1,1
29800025,5,1610612747,1610612762,157,406,922,965,977,228,304,935,1000,1847,372,0,0,-0.218,-1.407,1374,1746,2,PT01M06.00S,3,PT06M54.00S,0,0,0,0,-0.937,1.096,-1.155,-0.312,1999-02-07,0,0,1,1
29800025,6,1610612747,1610612762,157,406,922,965,977,228,304,935,1000,1847,47,-55,-53,-56.707,-53.0,1824,1871,3,PT05M36.00S,3,PT04M49.00S,55,53,0,0,54.935,52.688,-1.772,-0.312,1999-02-07,0,0,1,1
29800025,7,1610612747,1610612762,157,406,922,965,977,228,458,935,1000,1847,38,0,0,0.0,0.0,1871,1909,3,PT04M49.00S,3,PT04M11.00S,0,0,0,0,-1.772,-0.312,-1.772,-0.312,1999-02-07,0,0,1,1
29800025,8,1610612747,1610612762,109,157,224,406,922,228,458,935,1000,1847,141,0,0,0.0,0.0,2191,2332,4,PT11M29.00S,4,PT09M08.00S,0,0,0,0,-0.681,-1.947,-0.681,-1.947,1999-02-07,0,0,1,1
29800025,9,1610612747,1610612762,109,157,224,406,922,304,731,935,1000,1847,152,0,0,0.0,0.0,2332,2484,4,PT09M08.00S,4,PT06M36.00S,0,0,0,0,-0.681,-1.947,-0.681,-1.947,1999-02-07,0,0,1,1
29800025,10,1610612747,1610612762,109,157,406,922,977,304,731,935,1000,1847,82,0,0,1.0,-1.407,2484,2566,4,PT06M36.00S,4,PT05M14.00S,0,0,0,0,-0.681,-1.947,0.319,-3.354,1999-02-07,0,0,1,1
29800025,11,1610612747,1610612762,157,224,406,922,977,304,731,935,1000,1847,77,0,0,-0.333,0.0,2566,2643,4,PT05M14.00S,4,PT03M57.00S,0,0,0,0,0.319,-3.354,-0.014,-3.354,1999-02-07,0,0,1,1
29800025,12,1610612747,1610612762,157,224,406,922,977,304,935,957,1000,1847,148,0,0,0.0,0.0,2643,2791,4,PT03M57.00S,4,PT01M29.00S,0,0,0,0,-0.014,-3.354,-0.014,-3.354,1999-02-07,0,0,1,1
29800025,13,1610612747,1610612762,109,157,224,406,977,304,935,957,1000,1847,18,0,0,-1.707,0.0,2791,2809,4,PT01M29.00S,4,PT01M11.00S,0,0,0,0,-0.014,-3.354,-1.722,-3.354,1999-02-07,0,0,1,1
29800025,14,1610612747,1610612762,157,224,406,916,977,304,935,957,1000,1847,41,0,0,0.0,0.0,2809,2850,4,PT01M11.00S,4,PT00M30.10S,0,0,0,0,-1.722,-3.354,-1.722,-3.354,1999-02-07,0,0,1,1
29800025,15,1610612747,1610612762,977,157,224,406,916,304,935,957,1000,1847,19,0,0,0.0,0.0,2850,2869,4,PT00M30.10S,4,PT00M10.60S,0,0,0,0,-1.722,-3.354,-1.722,-3.354,1999-02-07,1,0,1,1
29800026,0,1610612744,1610612742,168,177,317,679,956,714,762,920,959,1717,364,0,0,-0.664,2.455,0,364,1,PT12M00.00S,1,PT05M56.00S,0,0,0,0,0.0,0.0,-0.664,2.455,1999-02-07,0,0,1,1
29800026,1,1610612744,1610612742,168,177,187,317,1502,714,762,920,959,1717,55,0,0,0.0,0.0,364,419,1,PT05M56.00S,1,PT05M01.00S,0,0,0,0,-0.664,2.455,-0.664,2.455,1999-02-07,0,0,1,1
29800026,2,1610612744,1610612742,168,187,902,960,1502,73,714,920,959,1717,31,0,0,0.0,0.0,419,450,1,PT05M01.00S,1,PT04M30.00S,0,0,0,0,-0.664,2.455,-0.664,2.455,1999-02-07,0,0,1,1
29800026,3,1610612744,1610612742,187,902,923,960,1502,73,714,955,959,1717,92,0,0,0.0,1.143,450,542,1,PT04M30.00S,1,PT02M58.00S,0,0,0,0,-0.664,2.455,-0.664,3.597,1999-02-07,0,0,1,1
29800026,4,1610612744,1610612742,187,902,923,960,1502,73,76,123,714,955,96,0,0,0.0,-0.0,542,638,1,PT02M58.00S,1,PT01M22.00S,0,0,0,0,-0.664,3.597,-0.664,3.597,1999-02-07,0,0,1,1
29800026,5,1610612744,1610612742,187,902,923,960,1502,73,76,93,123,955,243,0,0,1.964,-1.48,638,881,1,PT01M22.00S,2,PT09M19.00S,0,0,0,0,-0.664,3.597,1.3,2.117,1999-02-07,0,0,1,1
29800026,6,1610612744,1610612742,187,902,923,960,1502,76,93,123,718,762,73,0,0,0.0,0.0,881,954,2,PT09M19.00S,2,PT08M06.00S,0,0,0,0,1.3,2.117,1.3,2.117,1999-02-07,0,0,1,1
29800026,7,1610612744,1610612742,679,902,923,960,1502,76,93,123,718,762,110,0,0,0.0,0.0,954,1064,2,PT08M06.00S,2,PT06M16.00S,0,0,0,0,1.3,2.117,1.3,2.117,1999-02-07,0,0,1,1
29800026,8,1610612744,1610612742,168,177,679,960,1502,76,93,123,718,762,84,0,0,0.0,0.0,1064,1148,2,PT06M16.00S,2,PT04M52.00S,0,0,0,0,1.3,2.117,1.3,2.117,1999-02-07,0,0,1,1
29800026,9,1610612744,1610612742,168,177,679,960,1502,76,93,718,762,959,16,32,40,32.0,40.0,1148,1164,2,PT04M52.00S,2,PT04M36.00S,0,0,32,40,1.3,2.117,33.3,42.117,1999-02-07,0,0,1,1
29800026,10,1610612744,1610612742,168,177,679,960,1502,73,76,714,718,959,60,4,1,4.0,1.0,1164,1224,2,PT04M36.00S,2,PT03M36.00S,32,40,36,41,33.3,42.117,37.3,43.117,1999-02-07,0,0,1,1
29800026,11,1610612744,1610612742,168,177,679,960,1502,73,714,718,959,1717,43,-36,-41,-36.0,-41.0,1224,1267,2,PT03M36.00S,2,PT02M53.00S,36,41,0,0,37.3,43.117,1.3,2.117,1999-02-07,0,0,1,1
29800026,12,1610612744,1610612742,168,177,679,960,1502,73,714,955,959,1717,69,0,0,0.0,0.0,1267,1336,2,PT02M53.00S,2,PT01M44.00S,0,0,0,0,1.3,2.117,1.3,2.117,1999-02-07,0,0,1,1
29800026,13,1610612744,1610612742,168,177,679,960,1502,93,123,714,920,955,191,-45,-46,-45.0,-46.362,1436,1627,2,PT00M03.80S,3,PT08M53.00S,45,46,0,0,44.619,47.696,-0.381,1.334,1999-02-07,0,0,1,1
29800027,0,1610612758,1610612763,124,185,722,1505,1715,685,694,763,949,1710,519,0,0,1.893,-2.164,0,519,1,PT12M00.00S,1,PT03M21.00S,0,0,0,0,0.0,0.0,1.893,-2.164,1999-02-07,0,0,1,1
29800027,1,1610612758,1610612763,185,722,932,978,1563,685,694,735,949,1710,15,0,0,0.0,0.0,519,534,1,PT03M21.00S,1,PT03M06.00S,0,0,0,0,1.893,-2.164,1.893,-2.164,1999-02-07,0,0,1,1
29800027,2,1610612758,1610612763,185,722,932,978,1563,63,694,735,949,1710,78,0,0,0.0,1.029,534,612,1,PT03M06.00S,1,PT01M48.00S,0,0,0,0,1.893,-2.164,1.893,-1.134,1999-02-07,0,0,1,1
29800027,3,1610612758,1610612763,185,722,932,978,1563,63,694,735,987,1710,201,0,0,0.0,0.913,612,813,1,PT01M48.00S,2,PT10M27.00S,0,0,0,0,1.893,-1.134,1.893,-0.221,1999-02-07,0,0,1,1
29800027,4,1610612758,1610612763,124,468,978,1505,1715,63,694,735,987,1710,14,0,0,-1.53,0.0,813,827,2,PT10M27.00S,2,PT10M13.00S,0,0,0,0,1.893,-0.221,0.363,-0.221,1999-02-07,0,0,1,1
29800027,5,1610612758,1610612763,124,468,978,1505,1715,432,694,735,987,1710,126,39,28,39.0,29.024,827,953,2,PT10M13.00S,2,PT08M07.00S,0,0,39,28,0.363,-0.221,39.363,28.803,1999-02-07,0,0,1,1
29800027,6,1610612758,1610612763,124,468,722,978,1715,432,694,735,987,1710,33,-39,-28,-39.0,-28.0,953,986,2,PT08M07.00S,2,PT07M34.00S,39,28,0,0,39.363,28.803,0.363,0.803,1999-02-07,0,0,1,1
29800027,7,1610612758,1610612763,124,185,468,722,1715,432,694,735,987,1710,237,0,0,0.689,2.128,986,1223,2,PT07M34.00S,2,PT03M37.00S,0,0,0,0,0.363,0.803,1.052,2.931,1999-02-07,0,0,1,1
29800027,8,1610612758,1610612763,124,185,468,722,1715,685,694,763,987,1710,183,0,0,0.0,0.0,1223,1406,2,PT03M37.00S,2,PT00M33.60S,0,0,0,0,1.052,2.931,1.052,2.931,1999-02-07,0,0,1,1
29800027,9,1610612758,1610612763,124,185,468,722,1715,685,763,987,1710,1732,326,67,49,67.947,49.0,1406,1732,2,PT00M33.60S,3,PT07M08.00S,0,0,67,49,1.052,2.931,68.999,51.931,1999-02-07,0,0,1,1
29800027,10,1610612758,1610612763,124,185,468,722,1715,735,763,987,1710,1732,97,-67,-49,-67.604,-50.596,1732,1829,3,PT07M08.00S,3,PT05M31.00S,67,49,0,0,68.999,51.931,1.395,1.335,1999-02-07,0,0,1,1
29800027,11,1610612758,1610612763,124,185,468,722,1715,63,735,987,1710,1732,1,0,0,0.0,0.0,1829,1830,3,PT05M31.00S,3,PT05M30.00S,0,0,0,0,1.395,1.335,1.395,1.335,1999-02-07,0,0,1,1
29800027,12,1610612758,1610612763,468,722,932,978,1563,63,735,987,1710,1732,36,-78,-57,-78.0,-57.0,2058,2094,3,PT01M42.00S,3,PT01M06.00S,78,57,0,0,80.417,58.335,2.417,1.335,1999-02-07,0,0,1,1
29800027,13,1610612758,1610612763,468,722,932,978,1563,63,735,987,1545,1732,179,0,0,-1.53,-0.0,2094,2273,3,PT01M06.00S,4,PT10M07.00S,0,0,0,0,2.417,1.335,0.886,1.335,1999-02-07,0,0,1,1
29800027,14,1610612758,1610612763,185,468,932,978,1715,63,735,987,1545,1732,131,0,0,-1.575,-1.746,2273,2404,4,PT10M07.00S,4,PT07M56.00S,0,0,0,0,0.886,1.335,-0.689,-0.411,1999-02-07,0,0,1,1
29800027,15,1610612758,1610612763,124,185,468,978,1715,432,735,949,1545,1732,30,0,0,0.0,0.0,2404,2434,4,PT07M56.00S,4,PT07M26.00S,0,0,0,0,-0.689,-0.411,-0.689,-0.411,1999-02-07,0,0,1,1
29800027,16,1610612758,1610612763,124,185,468,978,1715,432,735,949,1710,1732,40,0,0,0.0,0.0,2434,2474,4,PT07M26.00S,4,PT06M46.00S,0,0,0,0,-0.689,-0.411,-0.689,-0.411,1999-02-07,0,0,1,1
29800027,17,1610612758,1610612763,124,143,185,978,1715,432,735,949,1710,1732,85,0,0,-2.147,1.071,2474,2559,4,PT06M46.00S,4,PT05M21.00S,0,0,0,0,-0.689,-0.411,-2.836,0.66,1999-02-07,0,0,1,1
29800027,18,1610612758,1610612763,143,185,978,1563,1744,432,735,949,1710,1732,56,0,0,1.176,0.0,2559,2615,4,PT05M21.00S,4,PT04M25.00S,0,0,0,0,-2.836,0.66,-1.66,0.66,1999-02-07,0,0,1,1
29800027,19,1610612758,1610612763,143,978,1563,1744,1824,432,735,949,1710,1732,66,0,0,1.269,0.0,2615,2681,4,PT04M25.00S,4,PT03M19.00S,0,0,0,0,-1.66,0.66,-0.39,0.66,1999-02-07,0,0,1,1
29800027,20,1610612758,1610612763,143,978,1563,1744,1824,432,685,949,1710,1732,45,0,0,0.0,0.0,2681,2726,4,PT03M19.00S,4,PT02M34.00S,0,0,0,0,-0.39,0.66,-0.39,0.66,1999-02-07,0,0,1,1
29800027,21,1610612758,1610612763,143,978,1563,1744,1824,432,685,1710,1732,1764,54,0,0,0.0,0.0,2726,2780,4,PT02M34.00S,4,PT01M40.00S,0,0,0,0,-0.39,0.66,-0.39,0.66,1999-02-07,0,0,1,1
29800027,22,1610612758,1610612763,143,978,1563,1744,1824,432,685,1545,1732,1764,100,0,0,2.227,-1.746,2780,2880,4,PT01M40.00S,4,PT00M00.00S,0,0,0,0,-0.39,0.66,1.836,-1.085,1999-02-07,0,0,1,1
29800028,0,1610612760,1610612757,56,96,178,182,452,258,375,717,757,1005,372,11,12,9.373,12.0,0,372,1,PT12M00.00S,1,PT05M48.00S,0,0,11,12,0.0,0.0,9.373,12.0,1999-02-07,0,0,1,1
29800028,1,1610612760,1610612757,56,107,178,452,765,258,375,717,757,1005,29,-11,-12,-11.0,-13.718,372,401,1,PT05M48.00S,1,PT05M19.00S,11,12,0,0,9.373,12.0,-1.627,-1.718,1999-02-07,0,0,1,1
29800028,2,1610612760,1610612757,56,107,178,452,765,717,739,754,757,1005,37,2,1,2.0,1.0,401,438,1,PT05M19.00S,1,PT04M42.00S,12,15,14,16,10.373,13.282,12.373,14.282,1999-02-07,0,0,1,1
29800028,3,1610612760,1610612757,56,107,178,452,765,739,754,757,1005,1509,78,-14,-16,-14.0,-16.0,438,516,1,PT04M42.00S,1,PT03M24.00S,14,16,0,0,12.373,14.282,-1.627,-1.718,1999-02-07,0,0,1,1
29800028,4,1610612760,1610612757,56,107,178,452,765,21,739,754,1005,1509,21,0,0,0.0,0.0,516,537,1,PT03M24.00S,1,PT03M03.00S,0,0,0,0,-1.627,-1.718,-1.627,-1.718,1999-02-07,0,0,1,1
29800028,5,1610612760,1610612757,56,107,452,765,1425,21,739,754,1005,1509,7,0,0,0.0,0.0,537,544,1,PT03M03.00S,1,PT02M56.00S,0,0,0,0,-1.627,-1.718,-1.627,-1.718,1999-02-07,0,0,1,1
29800028,6,1610612760,1610612757,56,107,452,765,1425,21,278,739,754,1509,83,18,26,19.126,26.0,544,627,1,PT02M56.00S,1,PT01M33.00S,0,0,18,26,-1.627,-1.718,17.5,24.282,1999-02-07,0,0,1,1
29800028,7,1610612760,1610612757,56,452,765,983,1425,21,278,739,754,1509,53,-18,-26,-18.0,-26.0,627,680,1,PT01M33.00S,1,PT00M40.10S,18,26,0,0,17.5,24.282,-0.5,-1.718,1999-02-07,0,0,1,1
29800028,8,1610612760,1610612757,56,107,452,765,983,21,278,739,754,1509,9,0,0,0.0,0.0,680,689,1,PT00M40.10S,1,PT00M30.80S,0,0,0,0,-0.5,-1.718,-0.5,-1.718,1999-02-07,0,0,1,1
29800028,9,1610612760,1610612757,56,96,452,765,983,21,278,739,754,1005,113,0,0,1.191,1.089,689,802,1,PT00M30.80S,2,PT10M38.00S,0,0,0,0,-0.5,-1.718,0.69,-0.629,1999-02-07,0,0,1,1
29800028,10,1610612760,1610612757,56,96,452,765,983,258,278,754,757,1005,48,0,0,1.191,0.0,802,850,2,PT10M38.00S,2,PT09M50.00S,0,0,0,0,0.69,-0.629,1.881,-0.629,1999-02-07,0,0,1,1
29800028,11,1610612760,1610612757,56,96,107,178,765,258,278,754,757,1005,18,0,0,0.0,0.0,1003,1021,2,PT07M17.00S,2,PT06M59.00S,0,0,0,0,2.961,-0.629,2.961,-0.629,1999-02-07,0,0,1,1
29800028,12,1610612760,1610612757,56,96,107,452,765,258,739,754,757,1005,77,-28,-36,-29.707,-36.0,1021,1098,2,PT06M59.00S,2,PT05M42.00S,28,36,0,0,30.961,35.371,1.254,-0.629,1999-02-07,0,0,1,1
29800028,13,1610612760,1610612757,56,96,107,182,452,258,739,754,757,1005,123,0,0,0.0,1.051,1098,1221,2,PT05M42.00S,2,PT03M39.00S,0,0,0,0,1.254,-0.629,1.254,0.422,1999-02-07,0,0,1,1
29800028,14,1610612760,1610612757,56,96,182,452,1425,258,739,754,757,1005,36,39,44,37.372,45.175,1221,1257,2,PT03M39.00S,2,PT03M03.00S,0,0,39,44,1.254,0.422,38.625,45.597,1999-02-07,0,0,1,1
29800028,15,1610612760,1610612757,56,96,178,182,1425,21,739,754,757,1509,464,50,60,49.292,55.909,1257,1721,2,PT03M03.00S,3,PT07M19.00S,0,0,50,60,-0.375,1.597,48.918,57.506,1999-02-07,0,0,1,1
29800028,16,1610612760,1610612757,56,107,178,182,1425,21,739,754,757,1509,23,-50,-60,-50.0,-60.0,1721,1744,3,PT07M19.00S,3,PT06M56.00S,50,60,0,0,48.918,57.506,-1.082,-2.494,1999-02-07,0,0,1,1
29800028,17,1610612760,1610612757,56,107,178,983,1425,21,739,754,757,1509,10,0,0,0.0,0.0,1744,1754,3,PT06M56.00S,3,PT06M46.00S,0,0,0,0,-1.082,-2.494,-1.082,-2.494,1999-02-07,0,0,1,1
29800028,18,1610612760,1610612757,56,96,107,765,1425,21,739,754,757,979,25,61,70,59.293,70.0,2121,2146,3,PT00M38.90S,3,PT00M14.40S,0,0,61,70,-0.458,-1.443,58.835,68.557,1999-02-07,0,0,1,1
29800028,19,1610612760,1610612757,96,107,765,983,1425,21,278,754,757,979,93,-61,-70,-64.621,-68.911,2146,2239,3,PT00M14.40S,4,PT10M41.00S,61,70,0,0,58.835,68.557,-5.787,-0.354,1999-02-07,0,0,1,1
29800028,20,1610612760,1610612757,96,107,765,983,1425,21,258,278,754,757,21,0,0,0.0,0.0,2239,2260,4,PT10M41.00S,4,PT10M20.00S,0,0,0,0,-5.787,-0.354,-5.787,-0.354,1999-02-07,0,0,1,1
29800028,21,1610612760,1610612757,96,107,765,983,1425,21,258,278,375,757,33,0,0,-1.811,0.0,2260,2293,4,PT10M20.00S,4,PT09M47.00S,0,0,0,0,-5.787,-0.354,-7.597,-0.354,1999-02-07,0,0,1,1
29800028,22,1610612760,1610612757,96,107,765,983,1425,21,258,375,739,757,34,0,0,1.126,-1.705,2430,2464,4,PT07M30.00S,4,PT06M56.00S,0,0,0,0,-10.989,-2.011,-9.862,-3.716,1999-02-07,0,0,1,1
29800028,23,1610612760,1610612757,56,96,452,765,983,21,258,375,739,757,168,0,0,-1.603,1.002,2464,2632,4,PT06M56.00S,4,PT04M08.00S,0,0,0,0,-9.862,-3.716,-11.466,-2.714,1999-02-07,0,0,1,1
29800028,24,1610612760,1610612757,56,96,107,452,765,21,258,375,739,757,61,85,85,83.293,85.0,2632,2693,4,PT04M08.00S,4,PT03M07.00S,0,0,85,85,-11.466,-2.714,71.827,82.286,1999-02-07,0,0,1,1
29800028,25,1610612760,1610612757,56,96,107,452,765,21,717,739,757,1005,16,-85,-85,-85.0,-85.0,2693,2709,4,PT03M07.00S,4,PT02M51.00S,85,85,0,0,71.827,82.286,-13.173,-2.714,1999-02-07,0,0,1,1
29800028,26,1610612760,1610612757,56,96,178,452,765,21,717,739,757,1005,21,0,0,0.0,0.0,2709,2730,4,PT02M51.00S,4,PT02M30.00S,0,0,0,0,-13.173,-2.714,-13.173,-2.714,1999-02-07,0,0,1,1
29800028,27,1610612760,1610612757,56,96,107,452,765,21,717,739,757,1005,20,86,86,86.0,86.0,2730,2750,4,PT02M30.00S,4,PT02M10.00S,0,0,86,86,-13.173,-2.714,72.827,83.286,1999-02-07,0,0,1,1
29800028,28,1610612760,1610612757,56,96,178,452,765,21,717,739,757,1005,55,-86,-86,-86.0,-86.0,2750,2805,4,PT02M10.00S,4,PT01M15.00S,86,86,0,0,72.827,83.286,-13.173,-2.714,1999-02-07,0,0,1,1
29800028,29,1610612760,1610612757,56,96,107,452,765,375,739,757,1005,1509,22,0,0,0.0,0.0,2805,2827,4,PT01M15.00S,4,PT00M53.40S,0,0,0,0,-13.173,-2.714,-13.173,-2.714,1999-02-07,0,0,1,1
29800028,30,1610612760,1610612757,56,96,178,452,765,375,717,739,757,1005,49,0,0,1.103,0.0,2827,2876,4,PT00M53.40S,4,PT00M04.20S,0,0,0,0,-13.173,-2.714,-12.07,-2.714,1999-02-07,0,0,1,1
29800028,31,1610612760,1610612757,56,96,107,765,983,21,375,739,757,1005,2,90,88,90.0,88.0,2876,2878,4,PT00M04.20S,4,PT00M02.40S,0,0,90,88,-12.07,-2.714,77.93,85.286,1999-02-07,0,0,1,1
29800028,32,1610612760,1610612757,56,96,107,765,983,375,717,739,757,1005,2,1,0,1.0,0.989,2878,2880,4,PT00M02.40S,4,PT00M00.00S,90,88,91,88,77.93,85.286,78.93,86.275,1999-02-07,0,0,1,1
29800029,0,1610612753,1610612738,98,270,358,448,1134,35,72,952,1499,1718,271,11,4,9.287,4.996,0,271,1,PT12M00.00S,1,PT07M29.00S,0,0,11,4,0.0,0.0,9.287,4.996,1999-02-08,0,0,1,1
29800029,1,1610612753,1610612738,98,270,358,448,1134,72,692,952,1499,1718,7,0,0,0.0,0.0,271,278,1,PT07M29.00S,1,PT07M22.00S,11,4,11,4,9.287,4.996,9.287,4.996,1999-02-08,0,0,1,1
29800029,2,1610612753,1610612738,98,270,358,448,1134,344,692,952,1499,1718,79,1,4,1.0,4.0,278,357,1,PT07M22.00S,1,PT06M03.00S,11,4,12,8,9.287,4.996,10.287,8.996,1999-02-08,0,0,1,1
29800029,3,1610612753,1610612738,270,353,358,448,1134,344,692,952,1499,1718,44,4,1,4.0,1.0,357,401,1,PT06M03.00S,1,PT05M19.00S,12,8,16,9,10.287,8.996,14.287,9.996,1999-02-08,0,0,1,1
29800029,4,1610612753,1610612738,270,353,358,448,1134,72,692,952,1477,1499,12,0,1,0.0,1.0,401,413,1,PT05M19.00S,1,PT05M07.00S,16,9,16,10,14.287,9.996,14.287,10.996,1999-02-08,0,0,1,1
29800029,5,1610612753,1610612738,270,353,358,448,1134,72,692,952,1477,1718,47,2,0,2.0,0.0,413,460,1,PT05M07.00S,1,PT04M20.00S,16,10,18,10,14.287,10.996,16.287,10.996,1999-02-08,0,0,1,1
29800029,6,1610612753,1610612738,270,353,358,448,1720,72,692,952,1477,1718,93,4,0,4.0,0.0,460,553,1,PT04M20.00S,1,PT02M47.00S,18,10,22,10,16.287,10.996,20.287,10.996,1999-02-08,0,0,1,1
29800029,7,1610612753,1610612738,270,353,358,448,1720,65,72,461,692,1477,13,0,0,0.0,0.0,553,566,1,PT02M47.00S,1,PT02M34.00S,22,10,22,10,20.287,10.996,20.287,10.996,1999-02-08,0,0,1,1
29800029,8,1610612753,1610612738,353,358,448,1720,1723,65,72,461,692,1477,81,1,6,1.0,6.0,566,647,1,PT02M34.00S,1,PT01M13.00S,22,10,23,16,20.287,10.996,21.287,16.996,1999-02-08,0,0,1,1
29800029,9,1610612753,1610612738,353,358,448,1720,1723,65,344,461,692,1477,55,3,3,3.0,4.115,647,702,1,PT01M13.00S,1,PT00M18.40S,23,16,26,19,21.287,16.996,24.287,21.111,1999-02-08,0,0,1,1
29800029,10,1610612753,1610612738,353,358,448,1720,1723,65,461,692,1477,1831,112,3,4,3.0,4.0,702,814,1,PT00M18.40S,2,PT10M26.00S,26,19,29,23,24.287,21.111,27.287,25.111,1999-02-08,0,0,1,1
29800029,11,1610612753,1610612738,353,358,448,1720,1723,35,65,461,1477,1831,69,3,4,1.278,4.0,814,883,2,PT10M26.00S,2,PT09M17.00S,29,23,32,27,27.287,25.111,28.565,29.111,1999-02-08,0,0,1,1
29800029,12,1610612753,1610612738,353,358,448,1720,1723,35,344,952,1718,1831,277,9,19,9.24,15.718,1430,1707,2,PT00M10.40S,3,PT07M33.00S,61,47,70,66,49.018,49.601,58.258,65.319,1999-02-08,0,0,1,1
29800029,13,1610612753,1610612738,353,358,448,1720,1723,344,461,692,1718,1831,37,0,2,0.0,2.0,1707,1744,3,PT07M33.00S,3,PT06M56.00S,71,66,71,68,59.258,65.319,59.258,67.319,1999-02-08,0,0,1,1
29800029,14,1610612753,1610612738,77,448,1720,1723,1750,35,72,1499,1718,1831,5,0,0,0.0,0.0,2818,2823,4,PT01M02.00S,4,PT00M56.90S,105,88,105,88,92.711,91.565,92.711,91.565,1999-02-08,0,0,1,1
29800029,15,1610612753,1610612738,77,448,1720,1723,1750,35,65,72,1499,1831,57,2,2,2.893,2.0,2823,2880,4,PT00M56.90S,4,PT00M00.00S,105,88,107,90,92.711,91.565,95.604,93.565,1999-02-08,0,0,1,1
29800030,0,1610612766,1610612748,133,184,456,462,934,105,136,173,297,896,409,0,0,-2.315,0.328,0,409,1,PT12M00.00S,1,PT05M11.00S,0,0,0,0,0.0,0.0,-2.315,0.328,1999-02-08,0,0,1,1
29800030,1,1610612766,1610612748,133,184,341,456,934,105,136,173,297,896,55,0,0,0.0,0.0,409,464,1,PT05M11.00S,1,PT04M16.00S,0,0,0,0,-2.315,0.328,-2.315,0.328,1999-02-08,0,0,1,1
29800030,2,1610612766,1610612748,133,184,341,456,1593,105,221,297,707,896,180,0,0,-0.0,-1.691,464,644,1,PT04M16.00S,1,PT01M16.00S,0,0,0,0,-2.315,0.328,-2.315,-1.363,1999-02-08,0,0,1,1
29800030,3,1610612766,1610612748,133,184,341,456,1593,105,221,297,345,707,29,0,0,0.0,0.0,644,673,1,PT01M16.00S,1,PT00M46.60S,0,0,0,0,-2.315,-1.363,-2.315,-1.363,1999-02-08,0,0,1,1
29800030,4,1610612766,1610612748,133,341,456,1593,1729,105,221,297,345,707,34,27,25,27.0,25.0,673,707,1,PT00M46.60S,1,PT00M13.20S,0,0,27,25,-2.315,-1.363,24.685,23.637,1999-02-08,0,0,1,1
29800030,5,1610612766,1610612748,133,341,359,1729,1802,105,221,297,345,896,26,-27,-25,-27.0,-25.0,707,733,1,PT00M13.20S,2,PT11M47.00S,27,25,0,0,24.685,23.637,-2.315,-1.363,1999-02-08,0,0,1,1
29800030,6,1610612766,1610612748,133,341,359,1729,1802,221,297,345,896,1110,14,0,0,0.0,0.0,733,747,2,PT11M47.00S,2,PT11M33.00S,0,0,0,0,-2.315,-1.363,-2.315,-1.363,1999-02-08,0,0,1,1
29800030,7,1610612766,1610612748,133,359,934,1729,1802,221,297,345,896,1110,230,0,0,0.0,0.0,747,977,2,PT11M33.00S,2,PT07M43.00S,0,0,0,0,-2.315,-1.363,-2.315,-1.363,1999-02-08,0,0,1,1
29800030,8,1610612766,1610612748,133,359,462,934,1729,221,297,345,896,1110,56,0,0,0.855,0.0,977,1033,2,PT07M43.00S,2,PT06M47.00S,0,0,0,0,-2.315,-1.363,-1.459,-1.363,1999-02-08,0,0,1,1
29800030,9,1610612766,1610612748,133,184,456,462,1593,105,136,297,896,1110,95,0,0,0.0,0.0,1264,1359,2,PT02M56.00S,2,PT01M21.00S,0,0,0,0,-1.459,-1.363,-1.459,-1.363,1999-02-08,0,0,1,1
29800030,10,1610612766,1610612748,184,456,462,769,1593,105,136,297,896,1110,436,63,73,61.369,69.604,1359,1795,2,PT01M21.00S,3,PT06M05.00S,0,0,63,73,-1.459,-1.363,59.909,68.241,1999-02-08,0,0,1,1
