game_id,stint_index,home_id,away_id,home_p1,home_p2,home_p3,home_p4,home_p5,away_p1,away_p2,away_p3,away_p4,away_p5,seconds,home_pts,away_pts,home_pts_adj,away_pts_adj,start_elapsed,end_elapsed,start_period,start_clock,end_period,end_clock,start_home_score,start_away_score,end_home_score,end_away_score,start_home_score_adj,start_away_score_adj,end_home_score_adj,end_away_score_adj,date,home_inferred_count,away_inferred_count,home_lineup_complete,away_lineup_complete
20700001,0,1610612759,1610612757,714,1477,1495,2225,101177,2038,101110,101127,200746,200750,341,0,0,0.0,1.181,0,341,1,PT12M00.00S,1,PT06M19.00S,0,0,0,0,0.0,0.0,0.0,1.181,2007-10-30,0,0,1,1
20700001,1,1610612759,1610612757,1477,1495,1938,2225,2588,2038,2581,101110,200746,200750,108,0,0,0.0,0.0,341,449,1,PT06M19.00S,1,PT04M31.00S,0,0,0,0,0.0,1.181,0.0,1.181,2007-10-30,0,0,1,1
20700001,2,1610612759,1610612757,1477,1495,1938,2225,2588,2038,2566,2581,101110,200750,33,19,14,19.0,14.0,449,482,1,PT04M31.00S,1,PT03M58.00S,0,0,19,14,0.0,1.181,19.0,15.181,2007-10-30,0,0,1,1
20700001,3,1610612759,1610612757,1477,1495,1938,2588,200827,2038,2566,2581,2592,200750,69,-19,-14,-19.0,-14.0,482,551,1,PT03M58.00S,1,PT02M49.00S,19,14,0,0,19.0,15.181,0.0,1.181,2007-10-30,0,0,1,1
20700001,4,1610612759,1610612757,699,1495,1938,2588,200827,2038,2566,2581,2592,200771,53,0,0,0.0,-1.619,551,604,1,PT02M49.00S,1,PT01M56.00S,0,0,0,0,0.0,1.181,0.0,-0.438,2007-10-30,0,0,1,1
20700001,5,1610612759,1610612757,699,1922,1938,2588,200827,2038,2566,2581,2592,200771,4,26,19,26.0,19.0,604,608,1,PT01M56.00S,1,PT01M52.00S,0,0,26,19,0.0,-0.438,26.0,18.562,2007-10-30,0,0,1,1
20700001,6,1610612759,1610612757,699,1922,1938,2588,200827,2566,2581,2592,101112,200771,170,7,7,6.572,7.986,608,778,1,PT01M52.00S,2,PT11M02.00S,26,19,33,26,26.0,18.562,32.572,26.548,2007-10-30,0,0,1,1
20700001,7,1610612759,1610612757,699,1922,1938,101177,200827,2566,2581,2592,101112,200771,112,-33,-26,-33.517,-26.0,778,890,2,PT11M02.00S,2,PT09M10.00S,33,26,0,0,32.572,26.548,-0.945,0.548,2007-10-30,0,0,1,1
20700001,8,1610612759,1610612757,699,1922,1938,2225,101177,2566,2581,2592,101127,200746,18,0,0,1.129,0.0,890,908,2,PT09M10.00S,2,PT08M52.00S,0,0,0,0,-0.945,0.548,0.184,0.548,2007-10-30,0,0,1,1
20700001,9,1610612759,1610612757,699,1922,1938,2225,101177,2566,2581,101127,200746,200750,50,0,0,1.129,1.088,908,958,2,PT08M52.00S,2,PT08M02.00S,0,0,0,0,0.184,0.548,1.314,1.636,2007-10-30,0,0,1,1
20700001,10,1610612759,1610612757,699,714,1495,2225,101177,2038,2566,101127,200746,200750,39,0,0,0.0,0.0,958,997,2,PT08M02.00S,2,PT07M23.00S,0,0,0,0,1.314,1.636,1.314,1.636,2007-10-30,0,0,1,1
20700001,11,1610612759,1610612757,699,714,1495,2225,101177,2038,101110,101127,200746,200750,81,0,0,-1.578,0.0,997,1078,2,PT07M23.00S,2,PT06M02.00S,0,0,0,0,1.314,1.636,-0.264,1.636,2007-10-30,0,0,1,1
20700001,12,1610612759,1610612757,714,1477,1495,2225,101177,2038,101110,101127,200746,200750,161,0,0,0.94,0.0,1078,1239,2,PT06M02.00S,2,PT03M21.00S,0,0,0,0,-0.264,1.636,0.676,1.636,2007-10-30,0,0,1,1
20700001,13,1610612759,1610612757,1477,1495,1922,1938,2225,2038,101110,101127,200746,200750,150,0,0,1.188,-0.295,1239,1389,2,PT03M21.00S,2,PT00M51.40S,0,0,0,0,0.676,1.636,1.864,1.34,2007-10-30,0,0,1,1
20700001,14,1610612759,1610612757,1495,1477,1938,2225,2588,2566,101110,101112,101127,200750,42,58,49,58.0,49.0,1389,1431,2,PT00M51.40S,2,PT00M09.20S,0,0,58,49,1.864,1.34,59.864,50.34,2007-10-30,1,0,1,1
20700001,15,1610612759,1610612757,1495,699,1477,2225,2588,2566,101110,101112,101127,200750,250,-58,-49,-58.495,-50.57,1431,1681,2,PT00M09.20S,3,PT07M59.00S,58,49,0,0,59.864,50.34,1.369,-0.23,2007-10-30,1,0,1,1
20700001,16,1610612759,1610612757,699,714,1922,1938,200827,2566,2581,101110,200746,200750,22,1,0,1.0,0.0,2858,2880,4,PT00M22.10S,4,PT00M00.00S,105,97,106,97,114.326,92.214,115.326,92.214,2007-10-30,1,0,1,1
20700002,0,1610612747,1610612745,965,977,2198,2575,101142,1503,1747,2203,2397,101236,455,0,0,2.071,3.303,0,455,1,PT12M00.00S,1,PT04M25.00S,0,0,0,0,0.0,0.0,2.071,3.303,2007-10-30,0,0,1,1
20700002,1,1610612747,1610612745,965,977,2198,2575,101142,1503,2203,2229,2397,2449,105,0,0,0.0,-1.734,455,560,1,PT04M25.00S,1,PT02M40.00S,0,0,0,0,2.071,3.303,2.071,1.569,2007-10-30,0,0,1,1
20700002,2,1610612747,1610612745,977,2198,2575,101142,200770,1503,2203,2229,2397,2449,65,20,12,20.0,12.0,560,625,1,PT02M40.00S,1,PT01M35.00S,0,0,20,12,2.071,1.569,22.071,13.569,2007-10-30,0,0,1,1
20700002,3,1610612747,1610612745,977,2230,101115,101142,200770,1503,1719,2229,2397,2449,75,3,3,3.0,3.0,625,700,1,PT01M35.00S,1,PT00M19.70S,20,12,23,15,22.071,13.569,25.071,16.569,2007-10-30,0,0,1,1
20700002,4,1610612747,1610612745,977,2230,2567,101115,200770,1503,1719,2229,2397,2449,201,-23,-15,-24.859,-15.708,700,901,1,PT00M19.70S,2,PT08M59.00S,23,15,0,0,25.071,16.569,0.212,0.86,2007-10-30,0,0,1,1
20700002,5,1610612747,1610612745,2230,2567,2575,101115,200770,87,1503,1719,2229,2449,120,0,0,0.0,-3.285,901,1021,2,PT08M59.00S,2,PT06M59.00S,0,0,0,0,0.212,0.86,0.212,-2.424,2007-10-30,0,0,1,1
20700002,6,1610612747,1610612745,2230,2567,2575,101115,200770,87,1503,1719,2229,2449,66,0,0,0.0,0.0,1021,1087,2,PT06M59.00S,2,PT05M53.00S,0,0,0,0,0.212,-2.424,0.212,-2.424,2007-10-30,0,0,1,1
20700002,7,1610612747,1610612745,965,977,2575,101115,101142,87,1503,1719,2229,2449,3,32,31,32.0,31.0,1087,1090,2,PT05M53.00S,2,PT05M50.00S,0,0,32,31,0.212,-2.424,32.212,28.576,2007-10-30,0,0,1,1
20700002,8,1610612747,1610612745,965,977,2575,101142,201207,87,1503,1719,2229,2449,33,-32,-31,-32.0,-29.841,1090,1123,2,PT05M50.00S,2,PT05M17.00S,32,31,0,0,32.212,28.576,0.212,-1.265,2007-10-30,0,0,1,1
20700002,9,1610612747,1610612745,2036,2230,2575,101115,200770,87,1503,1719,2229,2449,54,0,0,0.0,0.973,1988,2042,3,PT02M52.00S,3,PT01M58.00S,0,0,0,0,-1.431,2.647,-1.431,3.619,2007-10-30,0,0,1,1
20700002,10,1610612747,1610612745,977,2036,2230,101115,200770,87,1719,2203,2229,2449,175,0,0,0.0,0.484,2042,2217,3,PT01M58.00S,4,PT11M03.00S,0,0,0,0,-1.431,3.619,-1.431,4.103,2007-10-30,0,0,1,1
20700002,11,1610612747,1610612745,977,2036,2230,101115,200770,87,1503,1719,2203,2229,10,0,0,0.0,0.0,2217,2227,4,PT11M03.00S,4,PT10M53.00S,0,0,0,0,-1.431,4.103,-1.431,4.103,2007-10-30,0,0,1,1
20700002,12,1610612747,1610612745,977,2036,2230,101115,200770,87,1503,1719,2229,101236,71,0,0,1.029,-0.0,2227,2298,4,PT10M53.00S,4,PT09M42.00S,0,0,0,0,-1.431,4.103,-0.402,4.103,2007-10-30,0,0,1,1
20700002,13,1610612747,1610612745,965,977,2575,101115,101142,87,1503,1719,2229,101236,168,0,0,0.0,0.0,2298,2466,4,PT09M42.00S,4,PT06M54.00S,0,0,0,0,-0.402,4.103,-0.402,4.103,2007-10-30,0,0,1,1
20700002,14,1610612747,1610612745,965,977,2575,101115,101142,87,1503,1747,2203,101236,15,0,0,0.0,0.0,2466,2481,4,PT06M54.00S,4,PT06M39.00S,0,0,0,0,-0.402,4.103,-0.402,4.103,2007-10-30,0,0,1,1
20700002,15,1610612747,1610612745,965,977,2575,101115,101142,87,1503,1719,1747,101236,116,75,82,75.0,80.293,2481,2597,4,PT06M39.00S,4,PT04M43.00S,0,0,75,82,-0.402,4.103,74.598,84.396,2007-10-30,0,0,1,1
20700002,16,1610612747,1610612745,965,977,2575,101115,101142,87,1503,1747,2203,101236,13,-75,-82,-75.0,-82.0,2597,2610,4,PT04M43.00S,4,PT04M30.00S,75,82,0,0,74.598,84.396,-0.402,2.396,2007-10-30,0,0,1,1
20700002,17,1610612747,1610612745,965,977,2198,2575,101142,87,1503,1747,2203,101236,174,0,0,3.073,-0.567,2610,2784,4,PT04M30.00S,4,PT01M36.00S,0,0,0,0,-0.402,2.396,2.671,1.829,2007-10-30,0,0,1,1
20700002,18,1610612747,1610612745,965,977,2198,2575,201207,87,1503,1747,2203,2229,4,0,0,0.0,0.0,2784,2788,4,PT01M36.00S,4,PT01M32.00S,0,0,0,0,2.671,1.829,2.671,1.829,2007-10-30,0,0,1,1
20700002,19,1610612747,1610612745,965,977,2198,2575,200770,87,1503,1747,2203,2229,90,0,0,-1.699,-1.64,2788,2878,4,PT01M32.00S,4,PT00M02.50S,0,0,0,0,2.671,1.829,0.971,0.19,2007-10-30,0,0,1,1
20700003,0,1610612744,1610612762,1884,2554,2740,101145,101235,1905,2246,2430,101114,200758,197,0,0,-1.613,0.0,0,197,1,PT12M00.00S,1,PT08M43.00S,0,0,0,0,0.0,0.0,-1.613,0.0,2007-10-30,0,0,1,1
20700003,1,1610612744,1610612762,1884,2554,2740,101145,101235,1905,2430,101114,200758,200794,154,15,12,17.015,13.135,197,351,1,PT08M43.00S,1,PT06M09.00S,0,0,15,12,-1.613,0.0,15.402,13.135,2007-10-30,0,0,1,1
20700003,2,1610612744,1610612762,1733,1884,2740,101145,101235,1905,2430,101114,200758,200794,62,-15,-12,-13.976,-12.0,351,413,1,PT06M09.00S,1,PT05M07.00S,15,12,0,0,15.402,13.135,1.426,1.135,2007-10-30,0,0,1,1
20700003,3,1610612744,1610612762,1733,1884,2740,101145,101235,1905,2078,2430,200758,200794,75,20,20,20.0,20.0,413,488,1,PT05M07.00S,1,PT03M52.00S,0,0,20,20,1.426,1.135,21.426,21.135,2007-10-30,0,0,1,1
20700003,4,1610612744,1610612762,1733,1884,2740,101145,101235,1723,2078,2430,200758,200794,105,-20,-20,-20.0,-20.0,488,593,1,PT03M52.00S,1,PT02M07.00S,20,20,0,0,21.426,21.135,1.426,1.135,2007-10-30,0,0,1,1
20700003,5,1610612744,1610612762,1733,1884,2440,101145,101235,1723,2078,2430,200758,200794,36,0,0,0.0,0.0,593,629,1,PT02M07.00S,1,PT01M31.00S,0,0,0,0,1.426,1.135,1.426,1.135,2007-10-30,0,0,1,1
20700003,6,1610612744,1610612762,1607,1733,1884,2440,101235,1723,2078,2430,200758,200794,21,0,0,0.0,0.0,629,650,1,PT01M31.00S,1,PT01M10.00S,0,0,0,0,1.426,1.135,1.426,1.135,2007-10-30,0,0,1,1
20700003,7,1610612744,1610612762,1607,1733,1884,2440,101235,1723,1905,1921,2078,200794,98,0,0,-2.103,1.024,650,748,1,PT01M10.00S,2,PT11M32.00S,0,0,0,0,1.426,1.135,-0.677,2.159,2007-10-30,0,0,1,1
20700003,8,1610612744,1610612762,1607,1733,1884,2440,2554,1723,2078,101139,101179,200794,62,70,81,70.0,81.0,1952,2014,3,PT03M28.00S,3,PT02M26.00S,0,0,70,81,4.235,-0.135,74.235,80.865,2007-10-30,0,0,1,1
20700003,9,1610612744,1610612762,1607,1733,2440,2554,101235,1723,2078,101139,101179,200794,42,-70,-81,-70.0,-80.096,2014,2056,3,PT02M26.00S,3,PT01M44.00S,70,81,0,0,74.235,80.865,4.235,0.769,2007-10-30,0,0,1,1
20700003,10,1610612744,1610612762,1607,1733,2440,2554,101235,1723,101114,101139,101179,200794,58,0,0,0.0,1.105,2056,2114,3,PT01M44.00S,3,PT00M46.00S,0,0,0,0,4.235,0.769,4.235,1.873,2007-10-30,0,0,1,1
20700003,11,1610612744,1610612762,1607,1733,2554,2740,101235,1723,101114,101139,101179,200794,46,72,86,73.024,86.0,2114,2160,3,PT00M46.00S,3,PT00M00.00S,0,0,72,86,4.235,1.873,77.259,87.873,2007-10-30,0,0,1,1
20700003,12,1610612744,1610612762,1607,1733,2554,2740,101235,1723,101114,101139,101179,200794,64,2,6,2.0,4.151,2160,2224,3,PT00M00.00S,4,PT10M56.00S,72,86,74,92,77.259,87.873,79.259,92.025,2007-10-30,0,0,1,1
20700003,13,1610612744,1610612762,1607,1733,1884,2740,101235,1723,101114,101139,101179,200794,99,-74,-92,-72.738,-93.683,2224,2323,4,PT10M56.00S,4,PT09M17.00S,74,92,0,0,79.259,92.025,6.521,-1.658,2007-10-30,0,0,1,1
20700003,14,1610612744,1610612762,1607,1733,1884,2740,201158,1723,101114,101139,101179,200794,150,0,0,-3.128,-1.655,2323,2473,4,PT09M17.00S,4,PT06M47.00S,0,0,0,0,6.521,-1.658,3.393,-3.313,2007-10-30,0,0,1,1
20700003,15,1610612744,1610612762,1506,1607,1884,2740,201158,1723,101114,101139,101179,200794,67,0,0,0.0,0.0,2473,2540,4,PT06M47.00S,4,PT05M40.00S,0,0,0,0,3.393,-3.313,3.393,-3.313,2007-10-30,0,0,1,1
20700003,16,1610612744,1610612762,1506,1607,1884,2740,201158,1723,101114,101139,101179,200794,56,0,0,0.971,1.024,2540,2596,4,PT05M40.00S,4,PT04M44.00S,0,0,0,0,3.393,-3.313,4.364,-2.289,2007-10-30,0,0,1,1
20700003,17,1610612744,1610612762,1506,1607,1884,200753,201158,1723,101114,101139,101179,200794,46,90,107,90.0,107.0,2596,2642,4,PT04M44.00S,4,PT03M58.00S,0,0,90,107,4.364,-2.289,94.364,104.711,2007-10-30,0,0,1,1
20700003,18,1610612744,1610612762,1506,1607,2440,200753,201158,1723,101114,101139,101179,200794,70,-90,-107,-90.0,-107.0,2642,2712,4,PT03M58.00S,4,PT02M48.00S,90,107,0,0,94.364,104.711,4.364,-2.289,2007-10-30,0,0,1,1
20700003,19,1610612744,1610612762,1506,1607,2440,200753,201158,1723,2078,101139,101179,200794,82,0,0,0.0,0.0,2712,2794,4,PT02M48.00S,4,PT01M26.00S,0,0,0,0,4.364,-2.289,4.364,-2.289,2007-10-30,0,0,1,1
20700003,20,1610612744,1610612762,1506,1607,2440,200753,201158,200794,1723,2078,101139,101179,86,96,117,97.962,117.0,2794,2880,4,PT01M26.00S,4,PT00M00.00S,0,0,96,117,4.364,-2.289,102.326,114.711,2007-10-30,0,1,1,1
20700004,0,1610612761,1610612755,1515,2547,2551,2574,200745,1889,2223,2501,2584,2738,277,0,0,-2.31,0.0,0,277,1,PT12M00.00S,1,PT07M23.00S,0,0,0,0,0.0,0.0,-2.31,0.0,2007-10-31,0,0,1,1
20700004,1,1610612761,1610612755,1515,1725,2547,2551,2574,1889,2223,2501,2584,2738,64,0,0,1.205,0.0,277,341,1,PT07M23.00S,1,PT06M19.00S,0,0,0,0,-2.31,0.0,-1.104,0.0,2007-10-31,0,0,1,1
20700004,2,1610612761,1610612755,1515,1725,2551,2574,2743,1889,2501,2584,2738,201160,99,0,0,-0.0,-1.704,341,440,1,PT06M19.00S,1,PT04M40.00S,0,0,0,0,-1.104,0.0,-1.104,-1.704,2007-10-31,0,0,1,1
20700004,3,1610612761,1610612755,1515,1725,2551,2574,2743,1889,2501,2594,2738,201160,46,0,0,0.0,0.0,440,486,1,PT04M40.00S,1,PT03M54.00S,0,0,0,0,-1.104,-1.704,-1.104,-1.704,2007-10-31,0,0,1,1
20700004,4,1610612761,1610612755,1515,1725,2551,2574,2743,1889,2223,2594,2738,201160,44,0,0,0.0,0.0,486,530,1,PT03M54.00S,1,PT03M10.00S,0,0,0,0,-1.104,-1.704,-1.104,-1.704,2007-10-31,0,0,1,1
20700004,5,1610612761,1610612755,1725,2413,2568,2743,101181,1889,2223,2594,2738,201160,25,0,0,0.0,0.0,530,555,1,PT03M10.00S,1,PT02M45.00S,0,0,0,0,-1.104,-1.704,-1.104,-1.704,2007-10-31,0,0,1,1
20700004,6,1610612761,1610612755,1725,2413,2568,2743,101181,2223,2594,2738,101150,201160,48,0,0,0.0,0.0,555,603,1,PT02M45.00S,1,PT01M57.00S,0,0,0,0,-1.104,-1.704,-1.104,-1.704,2007-10-31,0,0,1,1
20700004,7,1610612761,1610612755,1725,2413,2568,101181,200816,2584,2594,2738,101150,201160,409,0,0,-0.494,-0.363,603,1012,1,PT01M57.00S,2,PT07M08.00S,0,0,0,0,-1.104,-1.704,-1.598,-2.068,2007-10-31,0,0,1,1
20700004,8,1610612761,1610612755,2413,2547,2568,101121,101181,1889,2223,2594,2738,201160,26,0,0,0.0,0.0,1012,1038,2,PT07M08.00S,2,PT06M42.00S,0,0,0,0,-1.598,-2.068,-1.598,-2.068,2007-10-31,0,0,1,1
20700004,9,1610612761,1610612755,1515,2551,2568,2574,2743,1889,1916,2594,200760,201160,73,0,0,0.918,0.0,1845,1918,3,PT05M15.00S,3,PT04M02.00S,0,0,0,0,-7.25,-0.719,-6.332,-0.719,2007-10-31,0,0,1,1
20700004,10,1610612761,1610612755,1515,2551,2568,2574,2743,1916,2594,101150,200760,201160,19,0,0,0.0,0.0,1918,1937,3,PT04M02.00S,3,PT03M43.00S,0,0,0,0,-6.332,-0.719,-6.332,-0.719,2007-10-31,0,0,1,1
20700004,11,1610612761,1610612755,1515,2568,2574,2743,101181,1916,2594,101150,200760,201160,36,79,60,79.0,60.0,1937,1973,3,PT03M43.00S,3,PT03M07.00S,0,0,79,60,-6.332,-0.719,72.668,59.281,2007-10-31,0,0,1,1
20700004,12,1610612761,1610612755,1515,2551,2568,2574,200745,1889,2223,2584,2594,2738,116,0,0,-1.638,-1.704,2533,2649,4,PT05M47.00S,4,PT03M51.00S,0,0,0,0,-6.765,-6.38,-8.403,-8.085,2007-10-31,0,0,1,1
20700004,13,1610612761,1610612755,1515,2551,2568,2574,200745,1889,2501,2584,2594,2738,89,99,93,99.0,94.082,2649,2738,4,PT03M51.00S,4,PT02M22.00S,0,0,99,93,-8.403,-8.085,90.597,85.997,2007-10-31,0,0,1,1
20700004,14,1610612761,1610612755,1515,2551,2568,2574,200745,1889,2223,2584,2594,2738,92,-99,-93,-99.0,-90.771,2738,2830,4,PT02M22.00S,4,PT00M50.50S,99,93,0,0,90.597,85.997,-8.403,-4.774,2007-10-31,0,0,1,1
20700004,15,1610612761,1610612755,1515,2551,2568,101181,200745,1889,2584,2594,2738,200760,50,0,0,0.0,0.982,2830,2880,4,PT00M50.50S,4,PT00M00.00S,0,0,0,0,-8.403,-4.774,-8.403,-3.792,2007-10-31,0,0,1,1
20700005,0,1610612753,1610612749,1740,2045,2586,2730,2749,2046,2072,2590,101106,201146,277,0,0,-1.702,1.059,0,277,1,PT12M00.00S,1,PT07M23.00S,0,0,0,0,0.0,0.0,-1.702,1.059,2007-10-31,0,0,1,1
20700005,1,1610612753,1610612749,1740,2039,2045,2730,2749,2046,2072,2590,101106,201146,169,0,0,1.076,1.059,277,446,1,PT07M23.00S,1,PT04M34.00S,0,0,0,0,-1.702,1.059,-0.626,2.117,2007-10-31,0,0,1,1
20700005,2,1610612753,1610612749,1727,1740,2039,2730,2749,2046,2072,2590,101106,201146,130,0,0,0.0,1.059,446,576,1,PT04M34.00S,1,PT02M24.00S,0,0,0,0,-0.626,2.117,-0.626,3.176,2007-10-31,0,0,1,1
20700005,3,1610612753,1610612749,1502,1727,1740,2039,2749,2046,2072,2590,101106,101111,116,0,0,1.191,0.0,576,692,1,PT02M24.00S,1,PT00M27.50S,0,0,0,0,-0.626,3.176,0.565,3.176,2007-10-31,0,0,1,1
20700005,4,1610612753,1610612749,1502,1727,1740,2039,2749,2250,2294,2590,101106,101111,128,0,0,-0.0,0.0,692,820,1,PT00M27.50S,2,PT10M20.00S,0,0,0,0,0.565,3.176,0.565,3.176,2007-10-31,0,0,1,1
20700005,5,1610612753,1610612749,1502,1727,1740,2039,2749,2072,2250,2294,101106,101111,52,27,27,25.379,27.0,820,872,2,PT10M20.00S,2,PT09M28.00S,0,0,27,27,0.565,3.176,25.944,30.176,2007-10-31,0,0,1,1
20700005,6,1610612753,1610612749,1727,1740,2039,2730,2749,2072,2250,2294,101106,101111,71,-27,-27,-27.0,-27.0,872,943,2,PT09M28.00S,2,PT08M17.00S,27,27,0,0,25.944,30.176,-1.056,3.176,2007-10-31,0,0,1,1
20700005,7,1610612753,1610612749,1740,2039,2586,2730,2749,2072,2250,2294,101106,101111,93,0,0,-1.616,-0.594,943,1036,2,PT08M17.00S,2,PT06M44.00S,0,0,0,0,-1.056,3.176,-2.671,2.582,2007-10-31,0,0,1,1
20700005,8,1610612753,1610612749,1740,2039,2586,2730,2749,2072,2250,2294,101106,101111,61,0,0,0.0,-1.682,1036,1097,2,PT06M44.00S,2,PT05M43.00S,0,0,0,0,-2.671,2.582,-2.671,0.901,2007-10-31,0,0,1,1
20700005,9,1610612753,1610612749,1740,2039,2586,2730,2749,2072,2250,2294,101106,101111,5,0,0,0.0,0.0,1097,1102,2,PT05M43.00S,2,PT05M38.00S,0,0,0,0,-2.671,0.901,-2.671,0.901,2007-10-31,0,0,1,1
20700005,10,1610612753,1610612749,1740,2039,2586,2730,2749,2072,2250,2294,101106,201146,82,0,0,1.091,1.106,1102,1184,2,PT05M38.00S,2,PT04M16.00S,0,0,0,0,-2.671,0.901,-1.58,2.007,2007-10-31,0,0,1,1
20700005,11,1610612753,1610612749,1740,2039,2586,2730,2749,2046,2072,2590,101106,201146,51,42,42,42.0,42.0,1184,1235,2,PT04M16.00S,2,PT03M25.00S,0,0,42,42,-1.58,2.007,40.42,44.007,2007-10-31,0,0,1,1
20700005,12,1610612753,1610612749,1727,1740,2039,2730,2749,2046,2072,2590,101106,201146,28,-42,-42,-42.0,-42.0,1235,1263,2,PT03M25.00S,2,PT02M57.00S,42,42,0,0,40.42,44.007,-1.58,2.007,2007-10-31,0,0,1,1
20700005,13,1610612753,1610612749,1727,1740,2039,2730,2749,1913,2046,2072,2590,101106,35,0,0,1.086,0.0,1263,1298,2,PT02M57.00S,2,PT02M22.00S,0,0,0,0,-1.58,2.007,-0.494,2.007,2007-10-31,0,0,1,1
20700005,14,1610612753,1610612749,1727,1740,2039,2730,2749,1913,2046,2072,2590,101111,62,0,0,1.191,0.0,1298,1360,2,PT02M22.00S,2,PT01M20.00S,0,0,0,0,-0.494,2.007,0.697,2.007,2007-10-31,0,0,1,1
20700005,15,1610612753,1610612749,1727,2039,2730,2749,2772,1913,2046,2072,2590,101111,323,56,56,55.858,55.421,1360,1683,2,PT01M20.00S,3,PT07M57.00S,0,0,56,56,0.697,2.007,56.555,57.427,2007-10-31,0,0,1,1
20700005,16,1610612753,1610612749,1727,2039,2730,2749,2772,1913,2046,2072,2590,101111,209,-56,-56,-60.771,-56.0,1683,1892,3,PT07M57.00S,3,PT04M28.00S,56,56,0,0,56.555,57.427,-4.217,1.427,2007-10-31,0,0,1,1
20700005,17,1610612753,1610612749,1727,2039,2730,2749,2772,1913,2072,2250,2590,101111,38,0,0,-1.622,0.0,1892,1930,3,PT04M28.00S,3,PT03M50.00S,0,0,0,0,-4.217,1.427,-5.839,1.427,2007-10-31,0,0,1,1
20700005,18,1610612753,1610612749,1727,2039,2730,2749,2772,1913,2072,2250,2590,101111,87,0,0,-1.53,1.12,1930,2017,3,PT03M50.00S,3,PT02M23.00S,0,0,0,0,-5.839,1.427,-7.369,2.547,2007-10-31,0,0,1,1
20700005,19,1610612753,1610612749,1727,2039,2730,2749,2772,1913,2072,2250,2590,101111,113,0,0,-2.133,1.142,2017,2130,3,PT02M23.00S,3,PT00M30.50S,0,0,0,0,-7.369,2.547,-9.501,3.69,2007-10-31,0,0,1,1
20700005,20,1610612753,1610612749,1502,1727,2039,2749,2772,1913,2072,2250,2590,101111,13,83,61,83.0,61.0,2130,2143,3,PT00M30.50S,3,PT00M17.10S,0,0,83,61,-9.501,3.69,73.499,64.69,2007-10-31,0,0,1,1
20700005,21,1610612753,1610612749,1502,1727,2039,2749,200755,1913,2072,2250,2590,101111,137,-83,-61,-81.914,-58.916,2143,2280,3,PT00M17.10S,4,PT10M00.00S,83,61,0,0,73.499,64.69,-8.415,5.773,2007-10-31,0,0,1,1
20700005,22,1610612753,1610612749,1502,1727,2749,2772,200755,1913,2046,2250,101106,101111,77,0,0,0.0,0.0,2629,2706,4,PT04M11.00S,4,PT02M54.00S,0,0,0,0,-9.122,6.391,-9.122,6.391,2007-10-31,0,0,1,1
20700005,23,1610612753,1610612749,1502,2749,2772,200755,200788,1913,2046,2250,2767,101111,144,102,83,103.0,84.106,2736,2880,4,PT02M24.00S,4,PT00M00.00S,0,0,102,83,-10.83,6.391,92.17,90.497,2007-10-31,0,0,1,1
20700006,0,1610612754,1610612764,1902,2224,2758,101113,101122,1712,2052,2217,2240,2406,120,0,5,0.0,5.0,0,120,1,PT12M00.00S,1,PT10M00.00S,0,0,0,5,0.0,0.0,0.0,5.0,2007-10-31,0,0,1,1
20700006,1,1610612754,1610612764,2224,2605,2758,101122,201235,1498,1712,2240,2443,101154,83,27,22,27.0,22.0,627,710,1,PT01M33.00S,1,PT00M10.50S,0,0,27,22,-3.793,3.115,23.207,25.115,2007-10-31,0,0,1,1
20700006,2,1610612754,1610612764,2224,2399,2605,101122,201235,1498,1712,2240,2443,101154,82,-27,-22,-27.0,-22.0,710,792,1,PT00M10.50S,2,PT10M48.00S,27,22,0,0,23.207,25.115,-3.793,3.115,2007-10-31,0,0,1,1
20700006,3,1610612754,1610612764,2224,2399,2605,2758,201235,1498,1712,2427,2443,101154,105,0,0,1.085,0.0,865,970,2,PT09M35.00S,2,PT07M50.00S,0,0,0,0,-3.793,3.115,-2.708,3.115,2007-10-31,0,0,1,1
20700006,4,1610612754,1610612764,2224,2399,2605,2758,201235,1498,2217,2427,2443,101154,22,0,0,0.0,0.0,970,992,2,PT07M50.00S,2,PT07M28.00S,0,0,0,0,-2.708,3.115,-2.708,3.115,2007-10-31,0,0,1,1
20700006,5,1610612754,1610612764,2224,2399,2416,2758,201235,1498,2217,2427,2443,101154,93,0,0,0.0,1.088,992,1085,2,PT07M28.00S,2,PT05M55.00S,0,0,0,0,-2.708,3.115,-2.708,4.203,2007-10-31,0,0,1,1
20700006,6,1610612754,1610612764,2399,2416,101113,101143,201235,2052,2217,2240,2443,101154,44,0,0,0.0,0.992,1085,1129,2,PT05M55.00S,2,PT05M11.00S,0,0,0,0,-2.708,4.203,-2.708,5.195,2007-10-31,0,0,1,1
20700006,7,1610612754,1610612764,2399,2416,101113,101143,201235,1712,2052,2217,2240,101154,15,38,37,38.0,37.0,1129,1144,2,PT05M11.00S,2,PT04M56.00S,0,0,38,37,-2.708,5.195,35.292,42.195,2007-10-31,0,0,1,1
20700006,8,1610612754,1610612764,2416,101113,101143,101261,201235,1712,2052,2217,2240,101154,179,-38,-37,-35.004,-37.713,1144,1323,2,PT04M56.00S,2,PT01M57.00S,38,37,0,0,35.292,42.195,0.287,4.482,2007-10-31,0,0,1,1
20700006,9,1610612754,1610612764,2224,2399,2758,101261,201235,1498,1712,2240,101154,201187,48,0,0,0.856,0.0,1765,1813,3,PT06M35.00S,3,PT05M47.00S,0,0,0,0,-2.87,6.466,-2.014,6.466,2007-10-31,0,0,1,1
20700007,0,1610612751,1610612741,467,1713,2210,2215,2420,693,2550,2732,2736,200748,126,0,0,1.086,0.0,0,126,1,PT12M00.00S,1,PT09M54.00S,0,0,0,0,0.0,0.0,1.086,0.0,2007-10-31,0,0,1,1
20700007,1,1610612751,1610612741,467,1713,2048,2210,2411,693,2732,2736,2804,200757,104,19,17,19.0,17.0,423,527,1,PT04M57.00S,1,PT03M13.00S,0,0,19,17,2.173,1.067,21.173,18.067,2007-10-31,0,0,1,1
20700007,2,1610612751,1610612741,467,1713,2048,2210,2411,693,2732,2736,2768,2804,41,-19,-17,-19.0,-15.93,527,568,1,PT03M13.00S,1,PT02M32.00S,19,17,0,0,21.173,18.067,2.173,2.136,2007-10-31,0,0,1,1
20700007,3,1610612751,1610612741,353,1713,2048,2411,101120,693,2732,2736,2768,2804,70,0,0,0.0,-0.0,568,638,1,PT02M32.00S,1,PT01M22.00S,0,0,0,0,2.173,2.136,2.173,2.136,2007-10-31,0,0,1,1
20700007,4,1610612751,1610612741,353,1713,2048,2411,101120,693,1112,2732,2736,2768,214,30,22,30.683,21.518,638,852,1,PT01M22.00S,2,PT09M48.00S,0,0,30,22,2.173,2.136,32.856,23.654,2007-10-31,0,0,1,1
20700007,5,1610612751,1610612741,353,1713,2411,2420,101120,693,1112,2732,2736,2768,28,-30,-22,-30.0,-22.0,852,880,2,PT09M48.00S,2,PT09M20.00S,30,22,0,0,32.856,23.654,2.856,1.654,2007-10-31,0,0,1,1
20700007,6,1610612751,1610612741,353,2210,2411,2420,101120,693,1112,2732,2736,2768,61,0,0,-1.791,1.067,880,941,2,PT09M20.00S,2,PT08M19.00S,0,0,0,0,2.856,1.654,1.064,2.721,2007-10-31,0,0,1,1
20700007,7,1610612751,1610612741,353,2124,2210,2420,101120,693,1112,2732,2736,2768,44,0,0,0.0,0.0,941,985,2,PT08M19.00S,2,PT07M35.00S,0,0,0,0,1.064,2.721,1.064,2.721,2007-10-31,0,0,1,1
20700007,8,1610612751,1610612741,467,2124,2210,2411,2420,693,1112,2732,2736,2768,97,40,33,38.505,33.0,1005,1102,2,PT07M15.00S,2,PT05M38.00S,0,0,40,33,1.064,2.721,39.57,35.721,2007-10-31,0,0,1,1
20700007,9,1610612751,1610612741,467,2124,2210,2411,2420,693,2732,2736,2768,2804,97,-40,-33,-40.0,-33.0,1102,1199,2,PT05M38.00S,2,PT04M01.00S,40,33,0,0,39.57,35.721,-0.43,2.721,2007-10-31,0,0,1,1
20700007,10,1610612751,1610612741,467,1713,2210,2411,200767,693,2732,2736,2768,2804,58,0,0,0.0,0.0,1199,1257,2,PT04M01.00S,2,PT03M03.00S,0,0,0,0,-0.43,2.721,-0.43,2.721,2007-10-31,0,0,1,1
20700007,11,1610612751,1610612741,467,1713,2210,2411,200767,693,2732,2736,2768,200757,123,52,41,51.364,40.467,1257,1380,2,PT03M03.00S,2,PT01M00.00S,0,0,52,41,-0.43,2.721,50.934,43.188,2007-10-31,0,0,1,1
20700007,12,1610612751,1610612741,353,467,1713,2210,200767,1112,2732,2736,2768,200757,206,7,6,8.086,3.933,1380,1586,2,PT01M00.00S,3,PT09M34.00S,52,41,59,47,50.934,43.188,59.02,47.12,2007-10-31,0,0,1,1
20700007,13,1610612751,1610612741,353,467,1713,2210,200767,1112,2732,2736,2768,200757,241,-59,-47,-59.0,-51.922,1586,1827,3,PT09M34.00S,3,PT05M33.00S,59,47,0,0,59.02,47.12,0.02,-4.801,2007-10-31,0,0,1,1
20700007,14,1610612751,1610612741,467,1713,2210,2411,101120,2732,2736,2768,2804,200757,1,109,103,109.0,103.0,3147,3148,5,PT00M33.20S,5,PT00M32.30S,0,0,109,103,-2.481,-2.237,106.519,100.763,2007-10-31,0,0,1,1
20700007,15,1610612751,1610612741,353,467,1713,2210,101120,2732,2736,2768,2804,200748,32,3,0,3.0,1.14,3148,3180,5,PT00M32.30S,5,PT00M00.00S,109,103,112,103,106.519,100.763,109.519,101.903,2007-10-31,0,0,1,1
20700008,0,1610612739,1610612742,980,1716,2400,2544,200789,224,711,1717,2205,2734,340,8,14,8.0,15.048,0,340,1,PT12M00.00S,1,PT06M20.00S,0,0,8,14,0.0,0.0,8.0,15.048,2007-10-31,0,0,1,1
20700008,1,1610612739,1610612742,980,1716,2400,2544,200789,224,711,1717,1891,2205,105,4,3,4.0,1.379,340,445,1,PT06M20.00S,1,PT04M35.00S,8,14,12,17,8.0,15.048,12.0,16.427,2007-10-31,0,0,1,1
20700008,2,1610612739,1610612742,980,923,1716,2400,2544,224,711,1717,1891,2205,17,0,0,0.0,0.0,445,462,1,PT04M35.00S,1,PT04M18.00S,12,17,12,17,12.0,16.427,12.0,16.427,2007-10-31,1,0,1,1
20700008,3,1610612739,1610612742,980,923,1716,2400,2544,224,1717,1891,2205,200826,70,0,5,0.0,5.0,462,532,1,PT04M18.00S,1,PT03M08.00S,12,17,12,22,12.0,16.427,12.0,21.427,2007-10-31,1,0,1,1
20700008,4,1610612739,1610612742,980,923,2400,2484,2544,224,1717,1891,2205,200826,13,0,0,0.0,0.0,532,545,1,PT03M08.00S,1,PT02M55.00S,12,22,12,22,12.0,21.427,12.0,21.427,2007-10-31,1,0,1,1
20700008,5,1610612739,1610612742,980,923,2400,2484,2544,1717,1891,2239,101138,200826,120,2,2,3.089,2.0,545,665,1,PT02M55.00S,1,PT00M55.00S,12,22,14,24,12.0,21.427,15.089,23.427,2007-10-31,1,0,1,1
20700008,6,1610612739,1610612742,923,980,1956,2484,200789,1891,2205,2239,101138,200826,131,3,8,3.0,6.379,665,796,1,PT00M55.00S,2,PT10M44.00S,14,25,17,33,15.089,24.427,18.089,30.807,2007-10-31,1,0,1,1
20700009,0,1610612763,1610612759,757,2034,2200,2545,200752,714,1477,1495,2225,101177,353,0,0,1.162,0.0,0,353,1,PT12M00.00S,1,PT06M07.00S,0,0,0,0,0.0,0.0,1.162,0.0,2007-10-31,0,0,1,1
20700009,1,1610612763,1610612759,757,2034,2418,2545,200752,1477,1495,1938,2225,101177,11,0,0,0.0,0.0,353,364,1,PT06M07.00S,1,PT05M56.00S,0,0,0,0,1.162,0.0,1.162,0.0,2007-10-31,0,0,1,1
20700009,2,1610612763,1610612759,757,2034,2418,2545,200752,1477,1495,1922,1938,2225,51,0,0,1.006,0.0,364,415,1,PT05M56.00S,1,PT05M05.00S,0,0,0,0,1.162,0.0,2.168,0.0,2007-10-31,0,0,1,1
20700009,3,1610612763,1610612759,757,2034,2418,2545,200752,1477,1922,1938,2225,101177,7,0,0,0.0,0.0,415,422,1,PT05M05.00S,1,PT04M58.00S,0,0,0,0,2.168,0.0,2.168,0.0,2007-10-31,0,0,1,1
20700009,4,1610612763,1610612759,757,2031,2034,2418,2545,1477,1922,1938,2225,101177,55,15,16,13.454,16.0,422,477,1,PT04M58.00S,1,PT04M03.00S,0,0,15,16,2.168,0.0,15.622,16.0,2007-10-31,0,0,1,1
20700009,5,1610612763,1610612759,2031,2034,2200,2418,200768,1477,1495,1922,1938,200827,53,1,0,1.0,0.0,477,530,1,PT04M03.00S,1,PT03M10.00S,15,16,16,16,15.622,16.0,16.622,16.0,2007-10-31,0,0,1,1
20700009,6,1610612763,1610612759,2031,2200,2418,2434,200768,1477,1495,1922,1938,200827,31,-16,-16,-16.0,-16.0,530,561,1,PT03M10.00S,1,PT02M39.00S,16,16,0,0,16.622,16.0,0.622,0.0,2007-10-31,0,0,1,1
20700009,7,1610612763,1610612759,2031,2200,2418,2434,200768,699,1495,1922,1938,200827,115,24,21,22.287,21.0,561,676,1,PT02M39.00S,1,PT00M43.90S,0,0,24,21,0.622,0.0,22.908,21.0,2007-10-31,0,0,1,1
20700009,8,1610612763,1610612759,2200,2418,2434,2545,200768,699,1495,1922,1938,200827,8,-24,-21,-24.0,-21.0,676,684,1,PT00M43.90S,1,PT00M36.20S,24,21,0,0,22.908,21.0,-1.092,0.0,2007-10-31,0,0,1,1
20700009,9,1610612763,1610612759,2200,2418,2434,101124,200768,699,1922,1938,101177,200827,164,-24,-22,-22.93,-24.147,684,848,1,PT00M36.20S,2,PT09M52.00S,24,22,0,0,22.908,22.0,-0.021,-2.147,2007-10-31,0,0,1,1
20700009,10,1610612763,1610612759,2200,2418,2434,101124,200768,699,1922,2225,2588,101177,20,0,0,0.0,-1.54,848,868,2,PT09M52.00S,2,PT09M32.00S,0,0,0,0,-0.021,-2.147,-0.021,-3.687,2007-10-31,0,0,1,1
20700009,11,1610612763,1610612759,2034,2200,2434,101124,200768,699,1922,2225,2588,101177,95,33,39,33.0,37.46,868,963,2,PT09M32.00S,2,PT07M57.00S,0,0,33,39,-0.021,-3.687,32.979,33.773,2007-10-31,0,0,1,1
20700009,12,1610612763,1610612759,2034,2200,2434,200752,200768,699,1922,2225,2588,101177,35,-33,-39,-33.0,-39.0,963,998,2,PT07M57.00S,2,PT07M22.00S,33,39,0,0,32.979,33.773,-0.021,-5.227,2007-10-31,0,0,1,1
20700009,13,1610612763,1610612759,757,2034,2200,2418,200768,1477,1495,1938,2225,101177,59,0,0,-1.701,0.0,1907,1966,3,PT04M13.00S,3,PT03M14.00S,0,0,0,0,2.985,-7.51,1.284,-7.51,2007-10-31,0,0,1,1
20700009,14,1610612763,1610612759,757,2034,2200,2418,200768,1477,1495,1938,101177,200827,92,0,0,-0.385,0.0,1966,2058,3,PT03M14.00S,3,PT01M42.00S,0,0,0,0,1.284,-7.51,0.899,-7.51,2007-10-31,0,0,1,1
20700009,15,1610612763,1610612759,2418,2434,2545,101124,200768,699,714,1495,2225,2588,178,0,0,-3.427,0.737,2397,2575,4,PT08M03.00S,4,PT05M05.00S,0,0,0,0,1.6,-11.214,-1.827,-10.478,2007-10-31,0,0,1,1
20700009,16,1610612763,1610612759,757,2034,2434,2545,101124,714,1495,1938,2225,2588,21,0,0,0.0,1.147,2575,2596,4,PT05M05.00S,4,PT04M44.00S,0,0,0,0,-1.827,-10.478,-1.827,-9.331,2007-10-31,0,0,1,1
20700009,17,1610612763,1610612759,757,2034,2200,2434,2545,714,1495,1938,2225,2588,52,0,0,0.0,0.0,2596,2648,4,PT04M44.00S,4,PT03M52.00S,0,0,0,0,-1.827,-9.331,-1.827,-9.331,2007-10-31,0,0,1,1
20700009,18,1610612763,1610612759,757,2034,2200,2545,200752,714,1495,1938,2225,2588,204,0,0,0.0,-0.754,2648,2852,4,PT03M52.00S,4,PT00M27.70S,0,0,0,0,-1.827,-9.331,-1.827,-10.085,2007-10-31,0,0,1,1
20700009,19,1610612763,1610612759,757,2034,2200,2545,200752,1477,1495,1938,2225,2588,2,0,0,0.0,0.0,2852,2854,4,PT00M27.70S,4,PT00M25.60S,0,0,0,0,-1.827,-10.085,-1.827,-10.085,2007-10-31,0,0,1,1
20700009,20,1610612763,1610612759,757,2034,2200,2545,200752,714,1495,1938,2225,2588,6,0,0,0.0,0.0,2854,2860,4,PT00M25.60S,4,PT00M19.70S,0,0,0,0,-1.827,-10.085,-1.827,-10.085,2007-10-31,0,0,1,1
20700009,21,1610612763,1610612759,757,2034,2200,2418,200752,714,1477,1495,1938,2225,4,0,0,0.0,0.0,2860,2864,4,PT00M19.70S,4,PT00M15.50S,0,0,0,0,-1.827,-10.085,-1.827,-10.085,2007-10-31,0,0,1,1
20700009,22,1610612763,1610612759,757,2034,2200,2418,200752,1477,1495,1938,2225,101177,2,96,99,96.0,99.0,2864,2866,4,PT00M15.50S,4,PT00M13.50S,0,0,96,99,-1.827,-10.085,94.173,88.915,2007-10-31,0,0,1,1
20700009,23,1610612763,1610612759,757,2034,2200,2418,200752,714,1477,1495,1938,2225,6,-96,-99,-96.0,-99.0,2866,2872,4,PT00M13.50S,4,PT00M08.10S,96,99,0,0,94.173,88.915,-1.827,-10.085,2007-10-31,0,0,1,1
20700009,24,1610612763,1610612759,757,2034,2200,2418,200752,714,1477,1495,1938,2225,8,3,3,2.376,3.0,2872,2880,4,PT00M07.50S,4,PT00M00.00S,98,101,101,104,96.173,90.915,98.549,93.915,2007-10-31,0,0,1,1
20700010,0,1610612740,1610612758,978,2050,2199,2561,101108,1802,1903,2422,2755,101158,396,0,0,2.249,0.0,0,396,1,PT12M00.00S,1,PT05M24.00S,0,0,0,0,0.0,0.0,2.249,0.0,2007-10-31,0,0,1,1
20700010,1,1610612740,1610612758,978,1517,2199,2561,101108,1802,1903,2422,2755,200763,103,0,0,-0.0,0.0,396,499,1,PT05M24.00S,1,PT03M41.00S,0,0,0,0,2.249,0.0,2.249,0.0,2007-10-31,0,0,1,1
20700010,2,1610612740,1610612758,1517,2199,2446,2561,101108,1630,1802,2422,2755,200763,135,0,0,-1.546,1.077,499,634,1,PT03M41.00S,1,PT01M26.00S,0,0,0,0,2.249,0.0,0.703,1.077,2007-10-31,0,0,1,1
20700010,3,1610612740,1610612758,1517,2408,2446,101108,200756,1630,1802,2755,101128,200763,194,0,0,1.034,-2.173,634,828,1,PT01M26.00S,2,PT10M12.00S,0,0,0,0,0.703,1.077,1.737,-1.096,2007-10-31,0,0,1,1
20700010,4,1610612740,1610612758,1517,2408,2446,101108,200756,1630,1802,2422,101128,200763,142,0,0,0.992,0.905,828,970,2,PT10M12.00S,2,PT07M50.00S,0,0,0,0,1.737,-1.096,2.729,-0.19,2007-10-31,0,0,1,1
20700010,5,1610612740,1610612758,2050,2408,2446,101108,200756,1630,1802,2422,101128,101158,45,0,0,0.0,0.0,970,1015,2,PT07M50.00S,2,PT07M05.00S,0,0,0,0,2.729,-0.19,2.729,-0.19,2007-10-31,0,0,1,1
20700010,6,1610612740,1610612758,2050,2408,2446,101108,200756,1802,2422,101128,101158,201208,45,0,0,0.0,0.0,1015,1060,2,PT07M05.00S,2,PT06M20.00S,0,0,0,0,2.729,-0.19,2.729,-0.19,2007-10-31,0,0,1,1
20700010,7,1610612740,1610612758,978,2050,2199,2408,101108,1802,2422,101128,101158,201208,45,-39,-31,-39.0,-31.0,1060,1105,2,PT06M20.00S,2,PT05M35.00S,39,31,0,0,41.729,30.81,2.729,-0.19,2007-10-31,0,0,1,1
20700010,8,1610612740,1610612758,978,2050,2199,2561,101108,1802,2422,101128,101158,201208,11,0,0,0.0,0.0,1105,1116,2,PT05M35.00S,2,PT05M24.00S,0,0,0,0,2.729,-0.19,2.729,-0.19,2007-10-31,0,0,1,1
20700010,9,1610612740,1610612758,978,2050,2199,2561,101108,1802,2422,2755,101128,201208,609,71,51,65.582,48.826,1116,1725,2,PT05M24.00S,3,PT07M15.00S,0,0,71,51,2.729,-0.19,68.311,48.636,2007-10-31,0,0,1,1
20700010,10,1610612740,1610612758,978,2050,2199,2561,101108,1802,2422,2755,101128,201208,108,-71,-51,-74.12,-51.0,1725,1833,3,PT07M15.00S,3,PT05M27.00S,71,51,0,0,68.311,48.636,-5.809,-2.364,2007-10-31,0,0,1,1
20700011,0,1610612743,1610612760,947,948,2030,2546,200821,2248,2404,2555,2863,201142,428,0,0,-3.617,0.482,0,428,1,PT12M00.00S,1,PT04M52.00S,0,0,0,0,0.0,0.0,-3.617,0.482,2007-10-31,0,0,1,1
20700011,1,1610612743,1610612760,947,948,2059,2546,101132,2404,2555,2753,2863,201142,160,0,0,1.042,-3.323,428,588,1,PT04M52.00S,1,PT02M12.00S,0,0,0,0,-3.617,0.482,-2.574,-2.841,2007-10-31,0,0,1,1
20700011,2,1610612743,1610612760,948,2059,2366,2546,101132,1887,2404,2753,2863,101130,42,30,28,30.0,28.0,588,630,1,PT02M12.00S,1,PT01M30.00S,0,0,30,28,-2.574,-2.841,27.426,25.159,2007-10-31,0,0,1,1
20700011,3,1610612743,1610612760,948,2059,2366,2546,101132,1887,2753,2863,101130,201145,271,-30,-28,-30.821,-31.107,630,901,1,PT01M30.00S,2,PT08M59.00S,30,28,0,0,27.426,25.159,-3.395,-5.948,2007-10-31,0,0,1,1
20700011,4,1610612743,1610612760,947,948,2059,101132,200821,1887,2404,2753,2863,201145,76,0,0,-1.815,0.0,901,977,2,PT08M59.00S,2,PT07M43.00S,0,0,0,0,-3.395,-5.948,-5.21,-5.948,2007-10-31,0,0,1,1
20700011,5,1610612743,1610612760,947,948,2030,2546,200821,2248,2404,2863,101130,201145,46,0,0,0.0,0.0,1279,1325,2,PT02M41.00S,2,PT01M55.00S,0,0,0,0,-3.974,-2.902,-3.974,-2.902,2007-10-31,0,0,1,1
20700011,6,1610612743,1610612760,947,948,2030,2546,200821,1887,2753,2863,101130,201145,100,0,0,-0.777,-1.657,1325,1425,2,PT01M55.00S,2,PT00M15.20S,0,0,0,0,-3.974,-2.902,-4.751,-4.559,2007-10-31,0,0,1,1
20700011,7,1610612743,1610612760,947,948,2030,2546,200821,2753,2863,101130,101153,201145,293,0,0,-2.184,1.236,1425,1718,2,PT00M15.20S,3,PT07M22.00S,0,0,0,0,-4.751,-4.559,-6.935,-3.323,2007-10-31,0,0,1,1
20700011,8,1610612743,1610612760,947,948,2030,2546,200821,2753,2863,101130,101153,201145,92,0,0,0.962,-3.107,1718,1810,3,PT07M22.00S,3,PT05M50.00S,0,0,0,0,-6.935,-3.323,-5.973,-6.43,2007-10-31,0,0,1,1
20700011,9,1610612743,1610612760,947,948,2030,2546,200821,2753,2863,101130,101153,201145,14,0,0,0.0,0.0,1810,1824,3,PT05M50.00S,3,PT05M36.00S,0,0,0,0,-5.973,-6.43,-5.973,-6.43,2007-10-31,0,0,1,1
20700011,10,1610612743,1610612760,947,948,2403,2546,200821,2753,2863,101130,101153,201145,142,0,0,2.159,0.973,1824,1966,3,PT05M36.00S,3,PT03M14.00S,0,0,0,0,-5.973,-6.43,-3.814,-5.457,2007-10-31,0,0,1,1
20700011,11,1610612743,1610612760,947,948,2059,2546,101132,1887,2753,101130,101153,200754,51,0,0,0.0,1.128,2680,2731,4,PT03M20.00S,4,PT02M29.00S,0,0,0,0,-8.225,-6.83,-8.225,-5.702,2007-10-31,0,0,1,1
20700011,12,1610612743,1610612760,947,2059,101132,200784,200821,1887,2753,101130,101153,200754,40,118,95,118.0,95.0,2731,2771,4,PT02M29.00S,4,PT01M49.00S,0,0,118,95,-8.225,-5.702,109.775,89.298,2007-10-31,0,0,1,1
20700011,13,1610612743,1610612760,2059,2366,101132,200784,200821,1887,2753,101130,101153,200754,21,-118,-95,-117.034,-95.0,2771,2792,4,PT01M49.00S,4,PT01M28.00S,118,95,0,0,109.775,89.298,-7.259,-5.702,2007-10-31,0,0,1,1
20700011,14,1610612743,1610612760,2212,2366,101132,101144,200784,1887,2753,101130,101153,200754,88,120,103,120.992,102.333,2792,2880,4,PT01M28.00S,4,PT00M00.00S,0,0,120,103,-7.259,-5.702,113.733,96.631,2007-10-31,0,0,1,1
20700012,0,1610612748,1610612765,406,1715,1729,2617,2748,686,739,1497,2419,201167,306,0,0,-2.336,0.0,0,306,1,PT12M00.00S,1,PT06M54.00S,0,0,0,0,0.0,0.0,-2.336,0.0,2007-11-01,0,0,1,1
20700012,1,1610612748,1610612765,406,1715,1729,2617,2748,686,739,1497,2419,2436,148,0,0,0.0,0.0,306,454,1,PT06M54.00S,1,PT04M26.00S,0,0,0,0,-2.336,0.0,-2.336,0.0,2007-11-01,0,0,1,1
20700012,2,1610612748,1610612765,406,1715,1729,2617,2748,739,1497,1737,2419,2436,89,0,0,0.0,0.0,454,543,1,PT04M26.00S,1,PT02M57.00S,0,0,0,0,-2.336,0.0,-2.336,0.0,2007-11-01,0,0,1,1
20700012,3,1610612748,1610612765,406,1715,1729,2470,2617,739,1497,1737,2419,2436,44,0,0,0.0,0.0,543,587,1,PT02M57.00S,1,PT02M13.00S,0,0,0,0,-2.336,0.0,-2.336,0.0,2007-11-01,0,0,1,1
20700012,4,1610612748,1610612765,297,1715,1729,2470,2617,739,1497,1737,2436,2553,33,19,22,19.0,22.0,587,620,1,PT02M13.00S,1,PT01M40.00S,0,0,19,22,-2.336,0.0,16.664,22.0,2007-11-01,0,0,1,1
20700012,5,1610612748,1610612765,297,1548,1715,1729,2470,1497,1737,2436,2553,101131,260,-19,-22,-18.819,-22.42,620,880,1,PT01M40.00S,2,PT09M20.00S,19,22,0,0,16.664,22.0,-2.155,-0.42,2007-11-01,0,0,1,1
20700012,6,1610612748,1610612765,297,358,1548,1715,2470,1497,1737,2436,2553,101131,129,0,0,-1.859,1.098,880,1009,2,PT09M20.00S,2,PT07M11.00S,0,0,0,0,-2.155,-0.42,-4.014,0.678,2007-11-01,0,0,1,1
20700012,7,1610612748,1610612765,297,1548,1715,1729,2470,1497,1737,2436,2553,101131,271,-60,-62,-58.086,-64.413,2013,2284,3,PT02M27.00S,4,PT09M56.00S,60,62,0,0,50.314,64.594,-7.772,0.181,2007-11-01,0,0,1,1
20700012,8,1610612748,1610612765,297,1548,1729,2470,2748,1497,1737,2436,2553,101131,26,0,0,0.0,-0.0,2284,2310,4,PT09M56.00S,4,PT09M30.00S,0,0,0,0,-7.772,0.181,-7.772,0.181,2007-11-01,0,0,1,1
20700012,9,1610612748,1610612765,406,1729,2470,2617,2748,1497,1737,2436,2553,101131,107,0,0,1.096,1.018,2310,2417,4,PT09M30.00S,4,PT07M43.00S,0,0,0,0,-7.772,0.181,-6.676,1.198,2007-11-01,0,0,1,1
20700013,0,1610612762,1610612745,1905,2246,2430,101114,200758,1503,1747,2203,2397,101236,342,0,0,-1.603,2.15,0,342,1,PT12M00.00S,1,PT06M18.00S,0,0,0,0,0.0,0.0,-1.603,2.15,2007-11-01,0,0,1,1
20700013,1,1610612762,1610612745,1905,2246,2430,101114,200758,1503,1747,2203,2449,101236,44,0,0,0.0,0.0,342,386,1,PT06M18.00S,1,PT05M34.00S,0,0,0,0,-1.603,2.15,-1.603,2.15,2007-11-01,0,0,1,1
20700013,2,1610612762,1610612745,1905,2078,2246,2430,200758,1503,1747,2203,2449,101236,28,0,0,0.0,0.0,386,414,1,PT05M34.00S,1,PT05M06.00S,0,0,0,0,-1.603,2.15,-1.603,2.15,2007-11-01,0,0,1,1
20700013,3,1610612762,1610612745,1723,2078,2246,2430,200758,1503,1747,2203,2449,101236,88,0,0,0.922,0.999,414,502,1,PT05M06.00S,1,PT03M38.00S,0,0,0,0,-1.603,2.15,-0.681,3.149,2007-11-01,0,0,1,1
20700013,4,1610612762,1610612745,1723,2078,2246,200758,200794,1503,1747,2203,2449,101236,23,0,0,0.0,0.0,502,525,1,PT03M38.00S,1,PT03M15.00S,0,0,0,0,-0.681,3.149,-0.681,3.149,2007-11-01,0,0,1,1
20700013,5,1610612762,1610612745,1723,2078,2246,200758,200794,1503,1719,2229,2449,101236,175,28,23,28.0,19.622,525,700,1,PT03M15.00S,1,PT00M20.20S,0,0,28,23,-0.681,3.149,27.319,22.772,2007-11-01,0,0,1,1
20700013,6,1610612762,1610612745,1723,1921,2246,101114,200794,1503,1719,2229,2449,101236,16,1,1,1.0,1.0,700,716,1,PT00M20.20S,1,PT00M04.40S,28,23,29,24,27.319,22.772,28.319,23.772,2007-11-01,0,0,1,1
20700013,7,1610612762,1610612745,1723,1921,2260,101114,200794,1503,1719,2229,2449,101236,85,-29,-24,-29.0,-23.064,716,801,1,PT00M04.40S,2,PT10M39.00S,29,24,0,0,28.319,23.772,-0.681,0.708,2007-11-01,0,0,1,1
20700013,8,1610612762,1610612745,1723,1921,2246,2430,101114,1503,2203,2229,2449,101236,142,0,0,0.476,-0.668,1150,1292,2,PT04M50.00S,2,PT02M28.00S,0,0,0,0,-1.899,1.781,-1.423,1.113,2007-11-01,0,0,1,1
20700013,9,1610612762,1610612745,1723,2246,2430,101114,200758,1503,1747,2203,2449,101236,72,46,53,46.0,54.067,1292,1364,2,PT02M28.00S,2,PT01M16.00S,0,0,46,53,-1.423,1.113,44.577,55.18,2007-11-01,0,0,1,1
20700013,10,1610612762,1610612745,1723,2260,2430,101114,200758,1503,1747,2203,2449,101236,16,0,1,0.0,1.972,1364,1380,2,PT01M16.00S,2,PT01M00.00S,46,53,46,54,44.577,55.18,44.577,57.152,2007-11-01,0,0,1,1
20700013,11,1610612762,1610612745,1905,2078,2260,2430,101139,87,1719,2203,2229,2449,42,73,85,73.0,85.0,2313,2355,4,PT09M27.00S,4,PT08M45.00S,0,0,73,85,2.871,1.681,75.871,86.681,2007-11-01,0,0,1,1
20700013,12,1610612762,1610612745,1905,2078,2246,2430,101139,87,1719,2203,2229,2449,46,0,0,0.0,0.0,2397,2443,4,PT08M03.00S,4,PT07M17.00S,0,0,0,0,2.871,1.681,2.871,1.681,2007-11-01,0,0,1,1
20700014,0,1610612760,1610612756,2248,2404,2555,2863,201142,255,959,1890,1952,2405,239,11,11,12.236,11.842,0,239,1,PT12M00.00S,1,PT08M01.00S,0,0,11,11,0.0,0.0,12.236,11.842,2007-11-01,0,0,1,1
20700014,1,1610612760,1610612756,2248,2404,2555,2863,201142,255,959,1890,1952,2564,74,-11,-11,-11.0,-9.95,239,313,1,PT08M01.00S,1,PT06M47.00S,11,11,0,0,12.236,11.842,1.236,1.892,2007-11-01,0,0,1,1
20700014,2,1610612760,1610612756,2555,2753,2863,101130,201142,255,959,1890,1952,2564,71,0,0,1.236,0.0,313,384,1,PT06M47.00S,1,PT05M36.00S,0,0,0,0,1.236,1.892,2.473,1.892,2007-11-01,0,0,1,1
20700014,3,1610612760,1610612756,2555,2753,2863,101130,201142,959,1890,2405,2564,2571,83,0,0,0.0,1.211,384,467,1,PT05M36.00S,1,PT04M13.00S,0,0,0,0,2.473,1.892,2.473,3.102,2007-11-01,0,0,1,1
20700014,4,1610612760,1610612756,2248,2404,2753,101130,201145,959,1890,2405,2564,2571,78,0,0,0.0,1.171,467,545,1,PT04M13.00S,1,PT02M55.00S,0,0,0,0,2.473,3.102,2.473,4.273,2007-11-01,0,0,1,1
20700014,5,1610612760,1610612756,2248,2404,2753,101130,201145,255,2405,2556,2564,2571,133,0,0,1.036,2.409,545,678,1,PT02M55.00S,1,PT00M42.00S,0,0,0,0,2.473,4.273,3.509,6.682,2007-11-01,0,0,1,1
20700014,6,1610612760,1610612756,2248,2404,2555,2753,201145,255,2405,2556,2564,2571,204,31,32,31.0,30.214,678,882,1,PT00M42.00S,2,PT09M18.00S,0,0,31,32,3.509,6.682,34.509,36.896,2007-11-01,0,0,1,1
20700014,7,1610612760,1610612756,2248,2555,2753,101130,201145,1890,1952,2405,2556,2571,23,-31,-32,-32.373,-32.0,882,905,2,PT09M18.00S,2,PT08M55.00S,31,32,0,0,34.509,36.896,2.136,4.896,2007-11-01,0,0,1,1
20700014,8,1610612760,1610612756,2248,2555,2753,101130,201145,959,1890,1952,2405,2571,65,0,0,0.0,1.13,905,970,2,PT08M55.00S,2,PT07M50.00S,0,0,0,0,2.136,4.896,2.136,6.026,2007-11-01,0,0,1,1
20700014,9,1610612760,1610612756,2248,2555,2753,101130,201145,959,1730,1890,1952,2571,97,0,0,0.0,-1.577,970,1067,2,PT07M50.00S,2,PT06M13.00S,0,0,0,0,2.136,6.026,2.136,4.449,2007-11-01,0,0,1,1
20700014,10,1610612760,1610612756,2248,2555,2753,2863,101130,959,1730,1890,1952,2571,105,0,0,1.236,0.973,1067,1172,2,PT06M13.00S,2,PT04M28.00S,0,0,0,0,2.136,4.449,3.372,5.422,2007-11-01,0,0,1,1
20700014,11,1610612760,1610612756,2248,2404,2753,2863,101130,255,959,1730,1952,2564,175,0,0,0.0,3.017,1172,1347,2,PT04M28.00S,2,PT01M33.00S,0,0,0,0,3.372,5.422,3.372,8.439,2007-11-01,0,0,1,1
20700014,12,1610612760,1610612756,2248,2404,2555,2753,2863,255,959,1730,1890,2571,418,0,0,-5.198,0.837,1347,1765,2,PT01M33.00S,3,PT06M35.00S,0,0,0,0,3.372,8.439,-1.826,9.276,2007-11-01,0,0,1,1
20700014,13,1610612760,1610612756,1887,2753,2863,101130,201142,255,959,1730,1890,2405,102,0,0,-1.47,-1.488,2578,2680,4,PT05M02.00S,4,PT03M20.00S,0,0,0,0,-0.751,6.203,-2.222,4.716,2007-11-01,0,0,1,1
20700014,14,1610612760,1610612756,1887,2404,2753,2863,201142,255,959,1730,1890,2405,29,0,0,0.0,0.0,2680,2709,4,PT03M20.00S,4,PT02M51.00S,0,0,0,0,-2.222,4.716,-2.222,4.716,2007-11-01,0,0,1,1
20700014,15,1610612760,1610612756,2404,2753,2863,201142,201145,255,959,1730,1890,2405,171,99,106,97.106,105.394,2709,2880,4,PT02M51.00S,4,PT00M00.00S,0,0,99,106,-2.222,4.716,94.885,110.109,2007-11-01,0,0,1,1
20700015,0,1610612766,1610612749,2056,2202,2222,2731,101109,2046,2072,2590,101106,201146,318,0,0,0.0,2.177,0,318,1,PT12M00.00S,1,PT06M42.00S,0,0,0,0,0.0,0.0,0.0,2.177,2007-11-02,0,0,1,1
20700015,1,1610612766,1610612749,2056,2222,2679,2731,101109,2046,2072,2590,101106,201146,87,0,0,-1.714,0.0,318,405,1,PT06M42.00S,1,PT05M15.00S,0,0,0,0,0.0,2.177,-1.714,2.177,2007-11-02,0,0,1,1
20700015,2,1610612766,1610612749,2222,2679,2731,101109,200835,2046,2072,2590,101106,201146,17,0,0,0.0,0.0,405,422,1,PT05M15.00S,1,PT04M58.00S,0,0,0,0,-1.714,2.177,-1.714,2.177,2007-11-02,0,0,1,1
20700015,3,1610612766,1610612749,2222,2679,2731,101109,200835,2046,2072,2429,2590,101106,61,0,0,0.0,0.0,422,483,1,PT04M58.00S,1,PT03M57.00S,0,0,0,0,-1.714,2.177,-1.714,2.177,2007-11-02,0,0,1,1
20700015,4,1610612766,1610612749,2222,2679,2731,101109,200835,2046,2072,2590,101106,101111,38,0,0,0.0,0.0,483,521,1,PT03M57.00S,1,PT03M19.00S,0,0,0,0,-1.714,2.177,-1.714,2.177,2007-11-02,0,0,1,1
20700015,5,1610612766,1610612749,976,2222,2679,2731,200835,2046,2072,2590,101106,101111,35,0,0,0.0,0.0,521,556,1,PT03M19.00S,1,PT02M44.00S,0,0,0,0,-1.714,2.177,-1.714,2.177,2007-11-02,0,0,1,1
20700015,6,1610612766,1610612749,976,2222,2679,2731,200835,2046,2072,2429,2590,101111,13,0,0,0.0,0.0,556,569,1,PT02M44.00S,1,PT02M31.00S,0,0,0,0,-1.714,2.177,-1.714,2.177,2007-11-02,0,0,1,1
20700015,7,1610612766,1610612749,976,2222,2679,2731,200835,2072,2250,2429,2590,101111,66,0,0,-1.718,0.0,569,635,1,PT02M31.00S,1,PT01M25.00S,0,0,0,0,-1.714,2.177,-3.432,2.177,2007-11-02,0,0,1,1
20700015,8,1610612766,1610612749,976,2679,200797,200835,201162,2072,2250,2429,2590,101111,82,0,0,0.0,-0.0,635,717,1,PT01M25.00S,1,PT00M03.20S,0,0,0,0,-3.432,2.177,-3.432,2.177,2007-11-02,0,0,1,1
20700015,9,1610612766,1610612749,976,2679,200797,200835,201162,2072,2250,2294,2429,101111,31,0,0,1.015,1.106,717,748,1,PT00M03.20S,2,PT11M32.00S,0,0,0,0,-3.432,2.177,-2.417,3.283,2007-11-02,0,0,1,1
20700015,10,1610612766,1610612749,976,2679,200797,200835,201162,2250,2294,2429,2767,101111,29,0,0,0.0,0.0,748,777,2,PT11M32.00S,2,PT11M03.00S,0,0,0,0,-2.417,3.283,-2.417,3.283,2007-11-02,0,0,1,1
20700015,11,1610612766,1610612749,976,2222,2679,200797,201162,2250,2294,2429,2767,101111,126,0,0,-1.635,-1.513,777,903,2,PT11M03.00S,2,PT08M57.00S,0,0,0,0,-2.417,3.283,-4.052,1.77,2007-11-02,0,0,1,1
20700015,12,1610612766,1610612749,2222,2679,2731,200797,201162,2250,2294,2590,101106,101111,113,0,0,0.0,1.106,1034,1147,2,PT06M46.00S,2,PT04M53.00S,0,0,0,0,-2.981,3.801,-2.981,4.907,2007-11-02,0,0,1,1
20700015,13,1610612766,1610612749,2222,2679,2731,200797,201162,2046,2072,2294,2590,101106,100,42,40,43.982,40.0,1147,1247,2,PT04M53.00S,2,PT03M13.00S,0,0,42,40,-2.981,4.907,41.001,44.907,2007-11-02,0,0,1,1
20700015,14,1610612766,1610612749,2222,2679,2731,200797,201162,2046,2072,2294,101106,201146,20,-42,-40,-42.0,-40.0,1247,1267,2,PT03M13.00S,2,PT02M53.00S,42,40,0,0,41.001,44.907,-0.999,4.907,2007-11-02,0,0,1,1
20700015,15,1610612766,1610612749,2056,2222,2731,200797,201162,2046,2072,2294,101106,201146,166,0,0,1.067,0.0,1267,1433,2,PT02M53.00S,2,PT00M06.90S,0,0,0,0,-0.999,4.907,0.069,4.907,2007-11-02,0,0,1,1
20700015,16,1610612766,1610612749,976,2222,2731,200797,201162,2046,2072,2294,101106,201146,317,0,0,1.156,0.0,1433,1750,2,PT00M06.90S,3,PT06M50.00S,0,0,0,0,0.069,4.907,1.225,4.907,2007-11-02,0,0,1,1
20700015,17,1610612766,1610612749,976,2222,2731,200797,201162,2046,2072,2294,101106,101111,96,62,61,62.993,60.42,1750,1846,3,PT06M50.00S,3,PT05M14.00S,0,0,62,61,1.225,4.907,64.218,65.327,2007-11-02,0,0,1,1
20700015,18,1610612766,1610612749,976,2222,2731,101109,201162,1913,2046,2072,2294,2590,155,0,0,0.0,0.0,2662,2817,4,PT03M38.00S,4,PT01M03.00S,0,0,0,0,-1.088,0.45,-1.088,0.45,2007-11-02,0,0,1,1
20700015,19,1610612766,1610612749,976,2222,2731,101109,201162,2046,2063,2072,2294,2590,2,0,0,0.0,0.0,2817,2819,4,PT01M03.00S,4,PT01M01.00S,0,0,0,0,-1.088,0.45,-1.088,0.45,2007-11-02,0,0,1,1
20700015,20,1610612766,1610612749,976,2222,2731,101109,201162,1913,2046,2072,2294,2590,33,98,95,98.0,95.0,2819,2852,4,PT01M01.00S,4,PT00M27.60S,0,0,98,95,-1.088,0.45,96.912,95.45,2007-11-02,0,0,1,1
20700015,21,1610612766,1610612749,976,2222,2731,101109,201162,1913,2046,2063,2294,2590,2,-98,-95,-98.0,-95.0,2852,2854,4,PT00M27.60S,4,PT00M26.50S,98,95,0,0,96.912,95.45,-1.088,0.45,2007-11-02,0,0,1,1
20700015,22,1610612766,1610612749,976,2222,101109,200835,201162,2046,2072,2294,2590,101111,26,102,99,102.0,99.0,2854,2880,4,PT00M26.50S,4,PT00M00.00S,0,0,102,99,-1.088,0.45,100.912,99.45,2007-11-02,0,0,1,1
20700016,0,1610612753,1610612765,1740,2045,2586,2730,2749,686,739,1497,2419,201167,449,21,16,17.244,16.0,0,449,1,PT12M00.00S,1,PT04M31.00S,0,0,21,16,0.0,0.0,17.244,16.0,2007-11-02,0,0,1,1
20700016,1,1610612753,1610612765,1740,2045,2306,2586,2730,686,739,1497,2419,201167,13,0,1,0.0,1.0,449,462,1,PT04M31.00S,1,PT04M18.00S,21,16,21,17,17.244,16.0,17.244,17.0,2007-11-02,0,0,1,1
20700016,2,1610612753,1610612765,1727,1740,2306,2586,2730,686,739,1497,2419,201167,69,0,4,0.0,4.0,462,531,1,PT04M18.00S,1,PT03M09.00S,21,17,21,21,17.244,17.0,17.244,21.0,2007-11-02,0,0,1,1
20700016,3,1610612753,1610612765,1727,1740,2306,2586,2730,686,739,1497,2419,2436,64,-21,-21,-21.0,-21.0,531,595,1,PT03M09.00S,1,PT02M05.00S,21,21,0,0,17.244,21.0,-3.756,0.0,2007-11-02,0,0,1,1
20700016,4,1610612753,1610612765,1727,1740,2039,2306,2730,686,1497,2419,2436,101131,17,0,0,0.0,0.0,595,612,1,PT02M05.00S,1,PT01M48.00S,0,0,0,0,-3.756,0.0,-3.756,0.0,2007-11-02,0,0,1,1
20700016,5,1610612753,1610612765,1727,1740,2039,2306,2730,686,1497,2436,2553,101131,62,0,0,0.0,1.018,612,674,1,PT01M48.00S,1,PT00M45.80S,0,0,0,0,-3.756,0.0,-3.756,1.018,2007-11-02,0,0,1,1
20700016,6,1610612753,1610612765,1502,1727,1740,2039,2306,686,1497,2436,2553,101131,144,0,0,0.0,0.942,674,818,1,PT00M45.80S,2,PT10M22.00S,0,0,0,0,-3.756,1.018,-3.756,1.96,2007-11-02,0,0,1,1
20700016,7,1610612753,1610612765,1502,1727,1740,2039,2306,686,2419,2436,2553,101131,128,0,0,1.033,-1.765,818,946,2,PT10M22.00S,2,PT08M14.00S,0,0,0,0,-3.756,1.96,-2.722,0.194,2007-11-02,0,0,1,1
20700016,8,1610612753,1610612765,1727,1740,2586,2730,2749,686,2419,2436,2553,101131,76,0,0,-1.621,-1.689,946,1022,2,PT08M14.00S,2,PT06M58.00S,0,0,0,0,-2.722,0.194,-4.343,-1.495,2007-11-02,0,0,1,1
20700017,0,1610612754,1610612748,979,1902,2224,2399,101122,406,1715,1729,2617,2748,339,0,0,1.966,1.018,0,339,1,PT12M00.00S,1,PT06M21.00S,0,0,0,0,0.0,0.0,1.966,1.018,2007-11-02,0,0,1,1
20700017,1,1610612754,1610612748,1902,2224,2399,2758,101122,406,1715,1729,2617,2748,39,0,0,0.0,0.0,339,378,1,PT06M21.00S,1,PT05M42.00S,0,0,0,0,1.966,1.018,1.966,1.018,2007-11-02,0,0,1,1
20700017,2,1610612754,1610612748,2224,2399,2605,2758,101113,406,1715,1729,2617,2748,171,0,0,-0.0,-1.77,378,549,1,PT05M42.00S,1,PT02M51.00S,0,0,0,0,1.966,1.018,1.966,-0.752,2007-11-02,0,0,1,1
20700017,3,1610612754,1610612748,2605,2758,101113,101122,101143,297,1715,2617,2748,201161,83,0,0,0.0,0.0,549,632,1,PT02M51.00S,1,PT01M28.00S,0,0,0,0,1.966,-0.752,1.966,-0.752,2007-11-02,0,0,1,1
20700017,4,1610612754,1610612748,2416,2605,2758,101113,101143,297,1548,1715,2748,201161,280,0,0,3.072,0.0,632,912,1,PT01M28.00S,2,PT08M48.00S,0,0,0,0,1.966,-0.752,5.038,-0.752,2007-11-02,0,0,1,1
20700017,5,1610612754,1610612748,2224,2399,2758,101113,101122,406,1548,1729,200809,201161,138,0,0,0.0,-3.482,1068,1206,2,PT06M12.00S,2,PT03M54.00S,0,0,0,0,5.038,-0.752,5.038,-4.234,2007-11-02,0,0,1,1
20700017,6,1610612754,1610612748,2224,2399,2758,101113,101122,406,1548,1715,1729,201161,62,0,0,0.0,-1.679,1206,1268,2,PT03M54.00S,2,PT02M52.00S,0,0,0,0,5.038,-4.234,5.038,-5.913,2007-11-02,0,0,1,1
20700017,7,1610612754,1610612748,2224,2399,2758,101113,101122,406,1715,2617,2748,201161,85,0,0,0.0,0.0,1268,1353,2,PT02M52.00S,2,PT01M27.00S,0,0,0,0,5.038,-5.913,5.038,-5.913,2007-11-02,0,0,1,1
20700017,8,1610612754,1610612748,2224,2399,2758,101113,101122,297,1715,2617,2748,201161,46,0,0,0.0,0.0,1353,1399,2,PT01M27.00S,2,PT00M40.60S,0,0,0,0,5.038,-5.913,5.038,-5.913,2007-11-02,0,0,1,1
20700017,9,1610612754,1610612748,2224,2399,2605,101113,101122,297,1715,2617,2748,201161,39,0,0,-1.598,0.0,1399,1438,2,PT00M40.60S,2,PT00M02.00S,0,0,0,0,5.038,-5.913,3.44,-5.913,2007-11-02,0,0,1,1
20700017,10,1610612754,1610612748,2224,2399,2605,101113,101122,1715,1729,2617,2748,201161,184,0,0,-1.598,-0.671,1438,1622,2,PT00M02.00S,3,PT08M58.00S,0,0,0,0,3.44,-5.913,1.842,-6.584,2007-11-02,0,0,1,1
20700017,11,1610612754,1610612748,2224,2399,2605,2758,101113,297,1715,1729,2617,2748,27,64,59,62.38,59.0,1878,1905,3,PT04M42.00S,3,PT04M15.00S,0,0,64,59,-1.354,-5.556,61.026,53.444,2007-11-02,0,0,1,1
20700017,12,1610612754,1610612748,2399,2605,2758,101113,101143,297,1715,1729,2617,2748,29,0,1,0.0,1.0,1905,1934,3,PT04M15.00S,3,PT03M46.00S,64,59,64,60,61.026,53.444,61.026,54.444,2007-11-02,0,0,1,1
20700017,13,1610612754,1610612748,2399,2605,101113,101122,101143,297,1715,1729,2617,2748,276,-64,-60,-63.19,-58.045,1934,2210,3,PT03M46.00S,4,PT11M10.00S,64,60,0,0,61.026,54.444,-2.165,-3.601,2007-11-02,0,0,1,1
20700017,14,1610612754,1610612748,2399,2605,101113,101122,101143,406,1548,1715,1729,2748,20,0,0,0.0,0.0,2210,2230,4,PT11M10.00S,4,PT10M50.00S,0,0,0,0,-2.165,-3.601,-2.165,-3.601,2007-11-02,0,0,1,1
20700017,15,1610612754,1610612748,2399,2605,101113,101122,101143,406,1548,1729,2748,200809,61,0,0,0.0,0.0,2230,2291,4,PT10M50.00S,4,PT09M49.00S,0,0,0,0,-2.165,-3.601,-2.165,-3.601,2007-11-02,0,0,1,1
20700017,16,1610612754,1610612748,2224,2399,2605,101113,101122,406,1548,1729,200809,201161,158,0,0,0.0,-0.637,2291,2449,4,PT09M49.00S,4,PT07M11.00S,0,0,0,0,-2.165,-3.601,-2.165,-4.238,2007-11-02,0,0,1,1
20700017,17,1610612754,1610612748,1902,2224,2399,2758,101122,406,1548,1729,200809,201161,45,0,0,0.0,0.0,2528,2573,4,PT05M52.00S,4,PT05M07.00S,0,0,0,0,-2.165,-4.238,-2.165,-4.238,2007-11-02,0,0,1,1
20700017,18,1610612754,1610612748,1902,2224,2399,2758,101122,1548,1715,1729,2617,201161,64,0,0,1.109,-3.344,2573,2637,4,PT05M07.00S,4,PT04M03.00S,0,0,0,0,-2.165,-4.238,-1.056,-7.582,2007-11-02,0,0,1,1
20700017,19,1610612754,1610612748,1902,2224,2399,2416,101122,1548,1715,1729,2617,201161,90,0,0,0.0,0.0,2637,2727,4,PT04M03.00S,4,PT02M33.00S,0,0,0,0,-1.056,-7.582,-1.056,-7.582,2007-11-02,0,0,1,1
20700017,20,1610612754,1610612748,979,2224,2399,2416,101122,1548,1715,1729,2617,201161,65,0,0,-3.401,0.0,2727,2792,4,PT02M33.00S,4,PT01M28.00S,0,0,0,0,-1.056,-7.582,-4.457,-7.582,2007-11-02,0,0,1,1
20700017,21,1610612754,1610612748,2224,2399,2416,2758,101122,1548,1715,1729,2617,201161,88,87,85,86.372,84.248,2792,2880,4,PT01M28.00S,4,PT00M00.00S,0,0,87,85,-4.457,-7.582,81.915,76.666,2007-11-02,0,0,1,1
20700018,0,1610612751,1610612761,467,2048,2210,2215,2420,1515,2547,2551,2574,200745,242,0,0,-1.582,0.0,0,242,1,PT12M00.00S,1,PT07M58.00S,0,0,0,0,0.0,0.0,-1.582,0.0,2007-11-02,0,0,1,1
20700018,1,1610612751,1610612761,467,1713,2210,2215,2420,1725,2413,2568,101181,200745,112,0,0,0.0,-1.658,1032,1144,2,PT06M48.00S,2,PT04M56.00S,0,0,0,0,-2.658,-1.544,-2.658,-3.202,2007-11-02,0,0,1,1
20700018,2,1610612751,1610612761,467,1713,2210,2215,2420,1725,2413,2568,101181,200745,59,0,0,0.0,0.0,1144,1203,2,PT04M56.00S,2,PT03M57.00S,0,0,0,0,-2.658,-3.202,-2.658,-3.202,2007-11-02,0,0,1,1
20700018,3,1610612751,1610612761,467,1713,2210,2215,2420,1725,2413,2551,2568,200745,83,0,0,0.0,1.071,1203,1286,2,PT03M57.00S,2,PT02M34.00S,0,0,0,0,-2.658,-3.202,-2.658,-2.132,2007-11-02,0,0,1,1
20700018,4,1610612751,1610612761,467,1713,2210,2215,2420,2413,2547,2551,2568,200745,72,38,47,38.0,47.0,1286,1358,2,PT02M34.00S,2,PT01M22.00S,0,0,38,47,-2.658,-2.132,35.342,44.868,2007-11-02,0,0,1,1
20700018,5,1610612751,1610612761,467,1713,2210,2420,200767,2413,2547,2551,2568,200745,10,-38,-47,-38.0,-47.0,1358,1368,2,PT01M22.00S,2,PT01M12.00S,38,47,0,0,35.342,44.868,-2.658,-2.132,2007-11-02,0,0,1,1
20700018,6,1610612751,1610612761,467,1713,2420,101120,200767,2413,2547,2551,2568,200745,37,39,50,39.0,50.0,1368,1405,2,PT01M12.00S,2,PT00M34.80S,0,0,39,50,-2.658,-2.132,36.342,47.868,2007-11-02,0,0,1,1
20700018,7,1610612751,1610612761,467,1713,2411,2420,101120,2413,2547,2551,2568,200745,240,-39,-50,-39.0,-54.682,1405,1645,2,PT00M34.80S,3,PT08M35.00S,39,50,0,0,36.342,47.868,-2.658,-6.814,2007-11-02,0,0,1,1
20700018,8,1610612751,1610612761,467,1713,2411,101120,201157,2413,2547,2551,2568,200745,189,0,0,4.294,0.0,1645,1834,3,PT08M35.00S,3,PT05M26.00S,0,0,0,0,-2.658,-6.814,1.636,-6.814,2007-11-02,0,0,1,1
20700018,9,1610612751,1610612761,353,2124,2411,101120,201157,2413,2547,2568,101121,101181,55,0,3,0.993,3.0,2143,2198,3,PT00M17.00S,4,PT11M22.00S,53,80,53,83,56.089,71.39,57.082,74.39,2007-11-02,0,0,1,1
20700018,10,1610612751,1610612761,353,2124,2411,101120,201157,2413,2568,101121,101181,200745,272,-53,-83,-55.551,-86.78,2198,2470,4,PT11M22.00S,4,PT06M50.00S,53,83,0,0,57.082,74.39,1.53,-12.39,2007-11-02,0,0,1,1
20700018,11,1610612751,1610612761,353,2124,2411,101120,201157,2413,2568,2743,101121,101181,19,0,0,0.0,0.0,2470,2489,4,PT06M50.00S,4,PT06M31.00S,0,0,0,0,1.53,-12.39,1.53,-12.39,2007-11-02,0,0,1,1
20700018,12,1610612751,1610612761,2124,2411,101120,200767,201157,2568,2743,101121,101181,200816,55,0,0,0.0,-1.661,2489,2544,4,PT06M31.00S,4,PT05M36.00S,0,0,0,0,1.53,-12.39,1.53,-14.051,2007-11-02,0,0,1,1
20700018,13,1610612751,1610612761,2124,2411,101120,200767,201157,1725,2568,2743,101121,200816,336,69,106,72.006,107.321,2544,2880,4,PT05M36.00S,4,PT00M00.00S,0,0,69,106,1.53,-14.051,73.536,93.27,2007-11-02,0,0,1,1
20700019,0,1610612737,1610612742,1533,2207,2746,101107,201143,224,711,1717,2205,2734,197,6,6,7.103,6.889,0,197,1,PT12M00.00S,1,PT08M43.00S,0,0,6,6,0.0,0.0,7.103,6.889,2007-11-02,0,0,1,1
20700019,1,1610612737,1610612742,2207,2746,101107,201143,201151,224,711,1717,2205,2734,141,4,4,4.979,6.115,197,338,1,PT08M43.00S,1,PT06M22.00S,6,6,10,10,7.103,6.889,12.082,13.004,2007-11-02,0,0,1,1
20700019,2,1610612737,1610612742,2207,2746,101107,201143,201151,224,1717,1891,2205,2734,10,1,0,1.0,0.0,338,348,1,PT06M22.00S,1,PT06M12.00S,10,10,11,10,12.082,13.004,13.082,13.004,2007-11-02,0,0,1,1
20700019,3,1610612737,1610612742,2207,2746,101107,201143,201151,224,1717,1891,2734,101138,13,1,0,1.0,0.0,348,361,1,PT06M12.00S,1,PT05M59.00S,11,10,12,10,13.082,13.004,14.082,13.004,2007-11-02,0,0,1,1
20700019,4,1610612737,1610612742,1731,2207,2735,2746,201143,224,1717,1891,2239,101138,104,6,2,6.0,3.048,361,465,1,PT05M59.00S,1,PT04M15.00S,12,10,18,12,14.082,13.004,20.082,16.052,2007-11-02,0,0,1,1
20700019,5,1610612737,1610612742,1731,2207,2735,2746,201143,711,1717,1891,2239,101138,136,5,2,5.0,2.96,465,601,1,PT04M15.00S,1,PT01M59.00S,18,12,23,14,20.082,16.052,25.082,19.012,2007-11-02,0,0,1,1
20700019,6,1610612737,1610612742,1731,2207,2746,101107,200749,1717,711,1891,2239,101138,140,6,5,5.661,4.37,601,741,1,PT01M59.00S,2,PT11M39.00S,23,14,29,19,25.082,19.012,30.742,23.381,2007-11-02,0,1,1,1
20700019,7,1610612737,1610612742,2207,2735,2746,200749,201151,711,1717,1891,2205,101138,60,2,1,2.979,1.0,1165,1225,2,PT04M35.00S,2,PT03M35.00S,41,30,43,31,42.415,36.1,45.394,37.1,2007-11-02,0,1,1,1
20700020,0,1610612739,1610612752,980,1716,2400,2544,200789,950,2037,2047,2201,2216,469,21,24,17.942,20.692,0,469,1,PT12M00.00S,1,PT04M11.00S,0,0,21,24,0.0,0.0,17.942,20.692,2007-11-02,0,0,1,1
20700020,1,1610612739,1610612752,980,1716,2400,2544,200789,950,2037,2047,2201,2216,58,3,4,1.22,4.0,469,527,1,PT04M11.00S,1,PT03M13.00S,21,24,24,28,17.942,20.692,19.162,24.692,2007-11-02,1,0,1,1
20700020,2,1610612739,1610612752,980,923,1716,2484,2544,2037,2047,2410,101126,101135,98,5,2,5.0,3.042,2145,2243,3,PT00M14.70S,4,PT10M37.00S,75,80,80,82,72.441,72.687,77.441,75.729,2007-11-02,1,0,1,1
20700020,3,1610612739,1610612752,980,923,1716,2484,2544,950,2047,2410,101126,101135,111,3,2,3.0,2.0,2243,2354,4,PT10M37.00S,4,PT08M46.00S,80,82,83,84,77.441,75.729,80.441,77.729,2007-11-02,1,0,1,1
20700021,0,1610612738,1610612764,708,951,1718,2570,200765,1712,2052,2217,2240,2406,539,12,11,13.155,13.124,0,539,1,PT12M00.00S,1,PT03M01.00S,0,0,12,11,0.0,0.0,13.155,13.124,2007-11-02,0,0,1,1
20700021,1,1610612738,1610612764,708,951,2243,2754,200765,1712,2052,2217,2240,2406,67,2,5,2.0,5.0,539,606,1,PT03M01.00S,1,PT01M54.00S,12,11,14,16,13.155,13.124,15.155,18.124,2007-11-02,0,0,1,1
20700021,2,1610612738,1610612764,708,951,2067,2243,2754,1498,2217,2240,2406,2443,240,15,8,12.807,10.012,606,846,1,PT01M54.00S,2,PT09M54.00S,14,16,29,24,15.155,18.124,27.962,28.136,2007-11-02,0,0,1,1
20700021,3,1610612738,1610612764,708,951,2067,2243,2754,1498,2052,2217,2406,2443,75,6,0,3.973,0.0,846,921,2,PT09M54.00S,2,PT08M39.00S,29,24,35,24,27.962,28.136,31.935,28.136,2007-11-02,0,0,1,1
20700021,4,1610612738,1610612764,708,951,2067,2243,2754,1498,2052,2217,2406,2443,127,3,2,5.164,4.043,921,1048,2,PT08M39.00S,2,PT06M32.00S,35,24,38,26,31.935,28.136,37.1,32.18,2007-11-02,0,0,1,1
20700021,5,1610612738,1610612764,708,951,1718,2754,200765,1498,2052,2217,2406,2427,445,15,12,14.544,13.981,1425,1870,2,PT00M15.20S,3,PT04M50.00S,56,36,71,48,58.09,45.12,72.634,59.101,2007-11-02,0,0,1,1
20700021,6,1610612738,1610612764,708,951,2067,2754,200765,1498,2052,2217,2427,201156,127,3,9,3.0,9.0,2147,2274,3,PT00M13.00S,4,PT10M06.00S,78,54,81,63,80.588,66.092,83.588,75.092,2007-11-02,0,0,1,1
20700022,0,1610612740,1610612757,978,2050,2199,2561,101108,2038,101110,101127,200746,200750,342,17,9,18.051,7.475,0,342,1,PT12M00.00S,1,PT06M18.00S,0,0,17,9,0.0,0.0,18.051,7.475,2007-11-02,0,0,1,1
20700022,1,1610612740,1610612757,978,2199,2408,2446,101108,2038,101110,101127,200746,200750,27,-17,-9,-17.0,-9.0,342,369,1,PT06M18.00S,1,PT05M51.00S,17,9,0,0,18.051,7.475,1.051,-1.525,2007-11-02,0,0,1,1
20700022,2,1610612740,1610612757,978,1517,2199,2408,2446,101110,101112,101127,200746,200750,74,0,0,-1.501,0.0,369,443,1,PT05M51.00S,1,PT04M37.00S,0,0,0,0,1.051,-1.525,-0.45,-1.525,2007-11-02,0,0,1,1
20700022,3,1610612740,1610612757,978,1517,2199,2408,2446,2581,101110,101112,200746,200750,128,0,0,-2.271,0.0,443,571,1,PT04M37.00S,1,PT02M29.00S,0,0,0,0,-0.45,-1.525,-2.722,-1.525,2007-11-02,0,0,1,1
20700022,4,1610612740,1610612757,978,1517,2199,2408,2446,2581,2592,101112,200746,200750,244,0,0,3.142,-1.577,571,815,1,PT02M29.00S,2,PT10M25.00S,0,0,0,0,-2.722,-1.525,0.42,-3.102,2007-11-02,0,0,1,1
20700022,5,1610612740,1610612757,978,1517,2199,2446,2561,2581,2592,101112,200746,200750,38,0,0,0.0,0.0,815,853,2,PT10M25.00S,2,PT09M47.00S,0,0,0,0,0.42,-3.102,0.42,-3.102,2007-11-02,0,0,1,1
20700022,6,1610612740,1610612757,978,1517,2050,2199,2561,2581,2592,101112,200746,200750,72,0,0,0.0,2.218,853,925,2,PT09M47.00S,2,PT08M35.00S,0,0,0,0,0.42,-3.102,0.42,-0.884,2007-11-02,0,0,1,1
20700022,7,1610612740,1610612757,978,2050,2199,2561,101108,2581,2592,101112,200746,200750,54,0,0,0.0,-1.721,925,979,2,PT08M35.00S,2,PT07M41.00S,0,0,0,0,0.42,-0.884,0.42,-2.606,2007-11-02,0,0,1,1
20700022,8,1610612740,1610612757,978,2050,2199,2561,101108,2581,2592,101112,200746,200750,74,0,0,0.0,0.0,979,1053,2,PT07M41.00S,2,PT06M27.00S,0,0,0,0,0.42,-2.606,0.42,-2.606,2007-11-02,0,0,1,1
20700022,9,1610612740,1610612757,978,2050,2199,2561,101108,2581,2592,101127,200746,200750,24,0,0,0.0,0.0,1053,1077,2,PT06M27.00S,2,PT06M03.00S,0,0,0,0,0.42,-2.606,0.42,-2.606,2007-11-02,0,0,1,1
20700022,10,1610612740,1610612757,978,1517,1763,2050,2199,2566,2581,101110,200746,200750,45,0,0,1.134,0.0,1821,1866,3,PT05M39.00S,3,PT04M54.00S,0,0,0,0,2.316,-4.161,3.45,-4.161,2007-11-02,0,0,1,1
20700022,11,1610612740,1610612757,978,1517,1763,2446,200756,2566,2581,101110,200746,200750,422,0,0,-5.486,2.026,1866,2288,3,PT04M54.00S,4,PT09M52.00S,0,0,0,0,3.45,-4.161,-2.036,-2.135,2007-11-02,0,0,1,1
20700022,12,1610612740,1610612757,978,1517,1763,2199,2446,2566,2581,101110,200746,200750,56,0,0,0.0,0.0,2288,2344,4,PT09M52.00S,4,PT08M56.00S,0,0,0,0,-2.036,-2.135,-2.036,-2.135,2007-11-02,0,0,1,1
20700022,13,1610612740,1610612757,978,1517,1763,2199,2457,2566,2581,101110,200746,200750,148,0,0,-0.647,-0.591,2344,2492,4,PT08M56.00S,4,PT06M28.00S,0,0,0,0,-2.036,-2.135,-2.683,-2.727,2007-11-02,0,0,1,1
20700023,0,1610612750,1610612743,689,2742,2744,101119,101155,947,948,2030,2546,200821,439,0,0,-1.69,0.0,0,439,1,PT12M00.00S,1,PT04M41.00S,0,0,0,0,0.0,0.0,-1.69,0.0,2007-11-02,0,0,1,1
20700023,1,1610612750,1610612743,689,1761,2742,2744,101119,947,948,2403,2546,101132,56,-20,-11,-21.683,-11.0,439,495,1,PT04M41.00S,1,PT03M45.00S,20,11,0,0,18.31,11.0,-3.372,0.0,2007-11-02,0,0,1,1
20700023,2,1610612750,1610612743,1761,2742,2744,101119,200783,947,948,2403,2546,101132,73,0,0,1.105,-1.516,495,568,1,PT03M45.00S,1,PT02M32.00S,0,0,0,0,-3.372,0.0,-2.267,-1.516,2007-11-02,0,0,1,1
20700023,3,1610612750,1610612743,1761,2060,2744,101119,200783,947,948,2403,2546,101132,63,0,0,2.049,1.045,568,631,1,PT02M32.00S,1,PT01M29.00S,0,0,0,0,-2.267,-1.516,-0.218,-0.471,2007-11-02,0,0,1,1
20700023,4,1610612750,1610612743,1761,2060,2744,200783,201147,947,948,2403,101132,200784,33,0,0,0.0,0.0,631,664,1,PT01M29.00S,1,PT00M56.40S,0,0,0,0,-0.218,-0.471,-0.218,-0.471,2007-11-02,0,0,1,1
20700023,5,1610612750,1610612743,952,1761,2060,200783,201147,947,948,2403,101132,200784,133,29,22,29.0,22.0,664,797,1,PT00M56.40S,2,PT10M43.00S,0,0,29,22,-0.218,-0.471,28.782,21.529,2007-11-02,0,0,1,1
20700023,6,1610612750,1610612743,952,1761,2060,200783,201147,948,2366,2403,101132,200784,69,-29,-22,-29.0,-22.0,797,866,2,PT10M43.00S,2,PT09M34.00S,29,22,0,0,28.782,21.529,-0.218,-0.471,2007-11-02,0,0,1,1
20700023,7,1610612750,1610612743,952,1761,2060,200783,201147,948,2366,2403,2546,200784,89,33,28,34.82,28.0,866,955,2,PT09M34.00S,2,PT08M05.00S,0,0,33,28,-0.218,-0.471,34.601,27.529,2007-11-02,0,0,1,1
20700023,8,1610612750,1610612743,689,1761,2060,2744,201147,948,2366,2403,2546,200784,44,-33,-28,-33.0,-28.0,955,999,2,PT08M05.00S,2,PT07M21.00S,33,28,0,0,34.601,27.529,1.601,-0.471,2007-11-02,0,0,1,1
20700023,9,1610612750,1610612743,689,1761,2742,2744,201147,948,2030,2366,2546,200784,50,0,0,0.0,0.0,999,1049,2,PT07M21.00S,2,PT06M31.00S,0,0,0,0,1.601,-0.471,1.601,-0.471,2007-11-02,0,0,1,1
20700023,10,1610612750,1610612743,689,1761,2742,2744,101155,947,948,2030,2546,200784,9,0,0,0.0,0.0,1049,1058,2,PT06M31.00S,2,PT06M22.00S,0,0,0,0,1.601,-0.471,1.601,-0.471,2007-11-02,0,0,1,1
20700023,11,1610612750,1610612743,689,1761,2742,2744,101119,947,948,2030,2366,2546,225,-38,-30,-41.434,-27.861,1058,1283,2,PT06M22.00S,2,PT02M37.00S,38,30,0,0,39.601,29.529,-1.833,1.669,2007-11-02,0,0,1,1
20700023,12,1610612750,1610612743,689,2742,2744,101119,201147,947,948,2366,2403,2546,111,0,0,1.024,-0.627,1283,1394,2,PT02M37.00S,2,PT00M45.70S,0,0,0,0,-1.833,1.669,-0.808,1.041,2007-11-02,0,0,1,1
20700023,13,1610612750,1610612743,689,1761,2742,2744,201147,947,948,2366,2403,2546,261,0,0,0.0,-0.555,1394,1655,2,PT00M45.70S,3,PT08M25.00S,0,0,0,0,-0.808,1.041,-0.808,0.486,2007-11-02,0,0,1,1
20700023,14,1610612750,1610612743,689,1761,2742,2744,201147,947,948,2366,2403,2546,199,68,61,68.284,61.905,1655,1854,3,PT08M25.00S,3,PT05M06.00S,0,0,68,61,-0.808,0.486,67.476,62.392,2007-11-02,0,0,1,1
20700023,15,1610612750,1610612743,689,1761,2742,2744,201147,947,948,2366,2403,2546,49,-68,-61,-68.0,-61.0,1854,1903,3,PT05M06.00S,3,PT04M17.00S,68,61,0,0,67.476,62.392,-0.524,1.392,2007-11-02,0,0,1,1
20700023,16,1610612750,1610612743,689,1761,2742,2744,201147,947,948,2403,2546,101132,43,0,0,1.018,0.0,1903,1946,3,PT04M17.00S,3,PT03M34.00S,0,0,0,0,-0.524,1.392,0.494,1.392,2007-11-02,0,0,1,1
20700023,17,1610612750,1610612743,1761,2742,2744,200783,201147,947,948,2403,2546,101132,76,0,0,0.0,1.045,1946,2022,3,PT03M34.00S,3,PT02M18.00S,0,0,0,0,0.494,1.392,0.494,2.437,2007-11-02,0,0,1,1
20700023,18,1610612750,1610612743,689,2742,2744,101119,101155,947,948,2366,2403,2546,172,0,0,-0.833,-3.346,2676,2848,4,PT03M24.00S,4,PT00M32.00S,0,0,0,0,2.107,6.712,1.273,3.366,2007-11-02,0,0,1,1
20700023,19,1610612750,1610612743,952,2742,2744,101119,101155,947,948,2366,2403,2546,32,91,99,91.0,99.0,2848,2880,4,PT00M32.00S,4,PT00M00.00S,0,0,91,99,1.273,3.366,92.273,102.366,2007-11-02,0,0,1,1
20700024,0,1610612741,1610612755,1112,2550,2732,2736,200748,1889,2223,2501,2584,2738,429,0,0,1.067,1.021,0,429,1,PT12M00.00S,1,PT04M51.00S,0,0,0,0,0.0,0.0,1.067,1.021,2007-11-02,0,0,1,1
20700024,1,1610612741,1610612755,1112,2550,2732,2736,200748,1889,2223,2584,2738,201160,119,0,0,-0.337,0.0,429,548,1,PT04M51.00S,1,PT02M52.00S,0,0,0,0,1.067,1.021,0.73,1.021,2007-11-02,0,0,1,1
20700024,2,1610612741,1610612755,2550,2732,2804,200748,201189,1889,2223,2584,2738,201160,38,0,0,0.0,0.0,548,586,1,PT02M52.00S,1,PT02M14.00S,0,0,0,0,0.73,1.021,0.73,1.021,2007-11-02,0,0,1,1
20700024,3,1610612741,1610612755,693,2732,2768,2804,201189,1889,2223,2594,2738,201160,43,0,0,0.0,0.0,586,629,1,PT02M14.00S,1,PT01M31.00S,0,0,0,0,0.73,1.021,0.73,1.021,2007-11-02,0,0,1,1
20700024,4,1610612741,1610612755,693,2732,2768,2804,201189,1916,2594,2738,101150,201160,114,0,0,1.14,-0.38,629,743,1,PT01M31.00S,2,PT11M37.00S,0,0,0,0,0.73,1.021,1.87,0.641,2007-11-02,0,0,1,1
20700024,5,1610612741,1610612755,693,2732,2768,2804,201189,1889,1916,2594,101150,201160,59,0,0,1.153,0.0,743,802,2,PT11M37.00S,2,PT10M38.00S,0,0,0,0,1.87,0.641,3.023,0.641,2007-11-02,0,0,1,1
20700024,6,1610612741,1610612755,693,2732,2768,2804,201189,1889,2501,2594,101150,201160,111,0,0,1.04,0.0,802,913,2,PT10M38.00S,2,PT08M47.00S,0,0,0,0,3.023,0.641,4.063,0.641,2007-11-02,0,0,1,1
20700024,7,1610612741,1610612755,693,2732,2768,2804,201189,1889,2501,2584,2738,201160,133,0,0,-0.486,0.0,913,1046,2,PT08M47.00S,2,PT06M34.00S,0,0,0,0,4.063,0.641,3.577,0.641,2007-11-02,0,0,1,1
20700024,8,1610612741,1610612755,1112,2732,2736,2768,201189,1889,2223,2501,2584,2738,19,0,0,0.0,0.0,1298,1317,2,PT02M22.00S,2,PT02M03.00S,0,0,0,0,2.1,0.641,2.1,0.641,2007-11-02,0,0,1,1
20700024,9,1610612741,1610612755,2732,2736,2768,2804,201189,1889,2223,2584,2594,2738,21,0,0,0.0,0.0,1317,1338,2,PT02M03.00S,2,PT01M42.00S,0,0,0,0,2.1,0.641,2.1,0.641,2007-11-02,0,0,1,1
20700024,10,1610612741,1610612755,2732,2736,2768,2804,201189,1889,2584,2594,2738,201160,66,39,42,39.0,43.227,1338,1404,2,PT01M42.00S,2,PT00M35.90S,0,0,39,42,2.1,0.641,41.1,43.869,2007-11-02,0,0,1,1
20700024,11,1610612741,1610612755,2732,2736,2768,2804,201189,1889,2584,2738,200760,201160,291,10,11,11.067,12.003,1404,1695,2,PT00M35.90S,3,PT07M45.00S,39,42,49,53,41.1,43.869,52.168,55.872,2007-11-02,0,0,1,1
20700024,12,1610612741,1610612755,2732,2736,2768,2804,201189,1889,2584,2738,200760,201160,134,-49,-53,-49.0,-53.0,1695,1829,3,PT07M45.00S,3,PT05M31.00S,49,53,0,0,52.168,55.872,3.168,2.872,2007-11-02,0,0,1,1
20700024,13,1610612741,1610612755,2732,2736,2768,2804,201189,1889,2584,2738,200760,201160,57,0,0,1.14,0.0,1829,1886,3,PT05M31.00S,3,PT04M34.00S,0,0,0,0,3.168,2.872,4.308,2.872,2007-11-02,0,0,1,1
20700025,0,1610612759,1610612758,714,1477,1495,2225,101177,1802,1903,2422,2755,101158,220,0,0,-0.581,0.0,0,220,1,PT12M00.00S,1,PT08M20.00S,0,0,0,0,0.0,0.0,-0.581,0.0,2007-11-02,0,0,1,1
20700025,1,1610612759,1610612758,714,1477,1495,2225,101177,1630,1802,2422,2755,101158,98,0,0,2.334,0.0,220,318,1,PT08M20.00S,1,PT06M42.00S,0,0,0,0,-0.581,0.0,1.753,0.0,2007-11-02,0,0,1,1
20700025,2,1610612759,1610612758,1477,1495,1938,2225,101177,1630,1802,2422,2755,200763,102,0,0,0.0,0.0,318,420,1,PT06M42.00S,1,PT05M00.00S,0,0,0,0,1.753,0.0,1.753,0.0,2007-11-02,0,0,1,1
20700025,3,1610612759,1610612758,699,714,1495,1922,1938,1630,1802,2755,101128,200763,105,0,0,-1.56,1.134,420,525,1,PT05M00.00S,1,PT03M15.00S,0,0,0,0,1.753,0.0,0.193,1.134,2007-11-02,0,0,1,1
20700025,4,1610612759,1610612758,699,1495,1922,1938,2137,949,1630,2755,101128,200763,176,0,0,1.129,0.904,525,701,1,PT03M15.00S,1,PT00M18.80S,0,0,0,0,0.193,1.134,1.322,2.038,2007-11-02,0,0,1,1
20700025,5,1610612759,1610612758,699,1922,1938,2137,2588,949,1630,2755,101128,200763,150,0,0,-2.335,0.0,701,851,1,PT00M18.80S,2,PT09M49.00S,0,0,0,0,1.322,2.038,-1.012,2.038,2007-11-02,0,0,1,1
20700025,6,1610612759,1610612758,699,1922,1938,2137,2588,1630,101128,101158,200763,201208,51,0,0,2.22,0.0,851,902,2,PT09M49.00S,2,PT08M58.00S,0,0,0,0,-1.012,2.038,1.208,2.038,2007-11-02,0,0,1,1
20700026,0,1610612756,1610612747,255,959,1890,1952,2405,965,977,2198,2575,101142,365,0,0,1.211,0.0,0,365,1,PT12M00.00S,1,PT05M55.00S,0,0,0,0,0.0,0.0,1.211,0.0,2007-11-02,0,0,1,1
20700026,1,1610612756,1610612747,959,1890,1952,2564,2571,965,977,2198,2575,200770,169,0,0,2.213,-1.699,365,534,1,PT05M55.00S,1,PT03M06.00S,0,0,0,0,1.211,0.0,3.425,-1.699,2007-11-02,0,0,1,1
20700026,2,1610612756,1610612747,1952,2405,2556,2564,2571,965,977,2209,101115,200770,28,0,0,0.0,0.0,534,562,1,PT03M06.00S,1,PT02M38.00S,0,0,0,0,3.425,-1.699,3.425,-1.699,2007-11-02,0,0,1,1
20700026,3,1610612756,1610612747,1890,2405,2556,2564,2571,977,2209,101115,200770,201159,374,0,0,-3.346,-3.299,562,936,1,PT02M38.00S,2,PT08M24.00S,0,0,0,0,3.425,-1.699,0.079,-4.998,2007-11-02,0,0,1,1
20700026,4,1610612756,1610612747,255,1890,1952,2564,2571,2209,2230,2756,101115,200770,121,0,0,1.043,-1.676,2246,2367,4,PT10M34.00S,4,PT08M33.00S,0,0,0,0,5.988,-5.895,7.031,-7.571,2007-11-02,0,0,1,1
20700027,0,1610612746,1610612744,208,1739,1894,2549,2624,1884,2554,2740,101145,101235,392,0,0,-3.433,-0.103,0,392,1,PT12M00.00S,1,PT05M28.00S,0,0,0,0,0.0,0.0,-3.433,-0.103,2007-11-02,0,0,1,1
20700027,1,1610612746,1610612744,208,1749,1894,2549,2624,1884,2554,2740,101145,101235,114,0,0,0.0,0.92,392,506,1,PT05M28.00S,1,PT03M34.00S,0,0,0,0,-3.433,-0.103,-3.433,0.817,2007-11-02,0,0,1,1
20700027,2,1610612746,1610612744,208,1501,1749,1894,2624,1733,1884,2554,101145,101235,55,0,0,0.944,0.0,506,561,1,PT03M34.00S,1,PT02M39.00S,0,0,0,0,-3.433,0.817,-2.49,0.817,2007-11-02,0,0,1,1
20700027,3,1610612746,1610612744,1501,1510,1749,1894,201154,1733,1884,2554,101145,201158,87,0,0,-0.0,1.105,561,648,1,PT02M39.00S,1,PT01M12.00S,0,0,0,0,-2.49,0.817,-2.49,1.922,2007-11-02,0,0,1,1
20700027,4,1610612746,1610612744,1501,1510,1749,1894,201154,1733,1884,2440,2554,201158,54,33,27,33.0,27.0,648,702,1,PT01M12.00S,1,PT00M17.90S,0,0,33,27,-2.49,1.922,30.51,28.922,2007-11-02,0,0,1,1
20700027,5,1610612746,1610612744,1501,1510,1749,1894,201154,1733,2440,2554,2740,201158,15,1,0,1.0,0.0,702,717,1,PT00M17.90S,1,PT00M02.80S,33,27,34,27,30.51,28.922,31.51,28.922,2007-11-02,0,0,1,1
20700027,6,1610612746,1610612744,1501,1510,1749,1894,2624,1607,2440,2740,101145,201158,90,-34,-27,-34.0,-27.0,717,807,1,PT00M02.80S,2,PT10M33.00S,34,27,0,0,31.51,28.922,-2.49,1.922,2007-11-02,0,0,1,1
20700027,7,1610612746,1610612744,1501,1510,1749,1894,2624,1607,2554,2740,101145,201158,60,0,0,0.0,0.0,807,867,2,PT10M33.00S,2,PT09M33.00S,0,0,0,0,-2.49,1.922,-2.49,1.922,2007-11-02,0,0,1,1
20700027,8,1610612746,1610612744,1510,1749,1894,2624,200781,1607,2440,101145,101235,200753,92,0,0,2.036,-1.787,1017,1109,2,PT07M03.00S,2,PT05M31.00S,0,0,0,0,-5.973,3.091,-3.936,1.304,2007-11-02,0,0,1,1
20700027,9,1610612746,1610612744,1510,1739,1749,1894,2624,1607,2440,101145,101235,200753,169,0,0,-2.096,-3.233,1109,1278,2,PT05M31.00S,2,PT02M42.00S,0,0,0,0,-3.936,1.304,-6.032,-1.929,2007-11-02,0,0,1,1
20700027,10,1610612746,1610612744,208,1501,1739,1894,2624,1607,1733,2740,101145,101235,135,9,2,7.776,2.993,1519,1654,3,PT10M41.00S,3,PT08M26.00S,65,63,74,65,60.894,62.109,68.67,65.101,2007-11-02,0,0,1,1
20700027,11,1610612746,1610612744,208,1501,1739,1894,2624,1607,1733,2740,101145,101235,177,-74,-65,-72.953,-64.08,1654,1831,3,PT08M26.00S,3,PT05M29.00S,74,65,0,0,68.67,65.101,-4.283,1.022,2007-11-02,0,0,1,1
20700027,12,1610612746,1610612744,208,1501,1739,1749,1894,1607,1733,2740,101235,201158,151,-80,-74,-81.56,-74.496,1831,1982,3,PT05M29.00S,3,PT02M58.00S,80,74,0,0,75.717,75.022,-5.842,0.526,2007-11-02,0,0,1,1
20700027,13,1610612746,1610612744,208,1501,1749,1894,2549,1607,1733,2740,101235,201158,112,0,0,1.063,-1.538,1982,2094,3,PT02M58.00S,3,PT01M06.00S,0,0,0,0,-5.842,0.526,-4.779,-1.012,2007-11-02,0,0,1,1
20700027,14,1610612746,1610612744,1501,1510,1749,1894,2549,1607,1733,2440,101235,201158,189,0,0,-1.659,-0.065,2094,2283,3,PT01M06.00S,4,PT09M57.00S,0,0,0,0,-4.779,-1.012,-6.438,-1.077,2007-11-02,0,0,1,1
20700027,15,1610612746,1610612744,1501,1510,1749,1894,2549,1607,1733,1884,2440,201158,18,0,0,0.0,0.98,2283,2301,4,PT09M57.00S,4,PT09M39.00S,0,0,0,0,-6.438,-1.077,-6.438,-0.097,2007-11-02,0,0,1,1
20700027,16,1610612746,1610612744,1501,1510,1749,1894,2549,1607,1733,1884,2740,201158,56,0,0,-1.644,1.024,2301,2357,4,PT09M39.00S,4,PT08M43.00S,0,0,0,0,-6.438,-0.097,-8.082,0.927,2007-11-02,0,0,1,1
20700027,17,1610612746,1610612744,1501,1510,1749,1894,2549,1607,1733,1884,2554,2740,83,0,0,0.0,1.024,2357,2440,4,PT08M43.00S,4,PT07M20.00S,0,0,0,0,-8.082,0.927,-8.082,1.951,2007-11-02,0,0,1,1
20700027,18,1610612746,1610612744,1501,1510,1749,1894,2549,1607,1884,2554,2740,101235,129,0,0,0.0,0.0,2440,2569,4,PT07M20.00S,4,PT05M11.00S,0,0,0,0,-8.082,1.951,-8.082,1.951,2007-11-02,0,0,1,1
20700027,19,1610612746,1610612744,1501,1510,1749,1894,2549,1607,1884,2554,2740,101235,152,0,0,-0.469,1.095,2569,2721,4,PT05M11.00S,4,PT02M39.00S,0,0,0,0,-8.082,1.951,-8.551,3.046,2007-11-02,0,0,1,1
20700027,20,1610612746,1610612744,1501,1510,1749,1894,2549,1607,1884,2554,2740,101235,111,0,0,0.0,1.095,2721,2832,4,PT02M39.00S,4,PT00M47.60S,0,0,0,0,-8.551,3.046,-8.551,4.142,2007-11-02,0,0,1,1
20700027,21,1610612746,1610612744,1510,1739,1749,2549,2624,1607,1884,2554,2740,101235,33,118,113,119.063,113.0,2832,2865,4,PT00M47.60S,4,PT00M14.80S,0,0,118,113,-8.551,4.142,110.512,117.142,2007-11-02,0,0,1,1
20700028,0,1610612755,1610612751,1889,2223,2501,2584,2738,467,2124,2210,2215,2420,212,9,7,10.021,5.311,0,212,1,PT12M00.00S,1,PT08M28.00S,0,0,9,7,0.0,0.0,10.021,5.311,2007-11-03,0,0,1,1
20700028,1,1610612755,1610612751,2223,2584,2594,101150,200760,467,353,2411,2420,101120,60,0,0,1.051,0.0,842,902,2,PT09M58.00S,2,PT08M58.00S,0,0,0,0,4.477,-2.279,5.528,-2.279,2007-11-03,0,1,1,1
20700029,0,1610612764,1610612753,1712,2052,2217,2240,2406,1740,2045,2586,2730,2749,494,0,0,2.12,2.581,0,494,1,PT12M00.00S,1,PT03M46.00S,0,0,0,0,0.0,0.0,2.12,2.581,2007-11-03,0,0,1,1
20700029,1,1610612764,1610612753,1712,2052,2217,2240,2406,1727,1740,2586,2730,2749,6,0,0,0.0,0.0,494,500,1,PT03M46.00S,1,PT03M40.00S,0,0,0,0,2.12,2.581,2.12,2.581,2007-11-03,0,0,1,1
20700029,2,1610612764,1610612753,1712,2052,2217,2240,2406,1727,1740,2039,2730,2749,21,0,0,0.0,0.0,500,521,1,PT03M40.00S,1,PT03M19.00S,0,0,0,0,2.12,2.581,2.12,2.581,2007-11-03,0,0,1,1
20700029,3,1610612764,1610612753,2217,2240,2406,2427,2443,1727,1740,2039,2730,2749,290,0,0,-3.239,3.394,521,811,1,PT03M19.00S,2,PT10M29.00S,0,0,0,0,2.12,2.581,-1.119,5.975,2007-11-03,0,0,1,1
20700029,4,1610612764,1610612753,1498,2217,2406,2427,2443,1727,1740,2039,2730,2749,134,0,0,-3.293,-1.675,811,945,2,PT10M29.00S,2,PT08M15.00S,0,0,0,0,-1.119,5.975,-4.412,4.3,2007-11-03,0,0,1,1
20700030,0,1610612763,1610612754,757,2031,2200,2545,200752,979,1902,2224,2399,101122,276,0,0,-0.54,-1.596,0,276,1,PT12M00.00S,1,PT07M24.00S,0,0,0,0,0.0,0.0,-0.54,-1.596,2007-11-03,0,0,1,1
20700030,1,1610612763,1610612754,2418,2434,2810,101124,200768,2416,2605,101113,101122,101143,126,-24,-29,-24.0,-28.707,523,649,1,PT03M17.00S,1,PT01M11.00S,24,29,0,0,21.913,28.26,-2.087,-0.447,2007-11-03,0,0,1,1
20700030,2,1610612763,1610612754,2200,2418,2434,101124,200768,2416,2605,101113,101122,101143,11,27,38,27.0,38.0,649,660,1,PT01M11.00S,1,PT00M59.70S,0,0,27,38,-2.087,-0.447,24.913,37.553,2007-11-03,0,0,1,1
20700030,3,1610612763,1610612754,2200,2418,2434,101124,200768,2416,2605,101113,101143,101261,101,-27,-38,-27.719,-37.164,660,761,1,PT00M59.70S,2,PT11M19.00S,27,38,0,0,24.913,37.553,-2.806,0.389,2007-11-03,0,0,1,1
20700030,4,1610612763,1610612754,757,2034,2200,2418,2434,2224,2605,101113,101122,101261,43,-41,-51,-41.0,-51.0,1040,1083,2,PT06M40.00S,2,PT05M57.00S,41,51,0,0,39.308,53.563,-1.692,2.563,2007-11-03,0,0,1,1
20700030,5,1610612763,1610612754,757,2034,2418,2545,200768,2224,2605,101113,101122,101261,57,-47,-61,-48.7,-60.144,1232,1289,2,PT03M28.00S,2,PT02M31.00S,47,61,0,0,44.688,64.674,-4.011,4.531,2007-11-03,0,0,1,1
20700030,6,1610612763,1610612754,757,2034,2418,2545,200768,2399,2416,101113,101122,101143,9,0,0,0.0,0.0,1289,1298,2,PT02M31.00S,2,PT02M22.00S,0,0,0,0,-4.011,4.531,-4.011,4.531,2007-11-03,0,0,1,1
20700030,7,1610612763,1610612754,757,2031,2034,2418,200768,2399,2416,101113,101122,101143,33,0,0,0.0,0.0,1298,1331,2,PT02M22.00S,2,PT01M49.00S,0,0,0,0,-4.011,4.531,-4.011,4.531,2007-11-03,0,0,1,1
20700030,8,1610612763,1610612754,757,2031,2034,2418,200768,2416,101113,101122,101143,101211,100,60,72,59.338,71.286,1331,1431,2,PT01M49.00S,2,PT00M09.30S,0,0,60,72,-4.011,4.531,55.326,75.817,2007-11-03,0,0,1,1
20700030,9,1610612763,1610612754,757,2034,2418,2810,200768,2416,101122,101143,101211,101261,69,-60,-72,-60.0,-72.0,1431,1500,2,PT00M09.30S,3,PT11M00.00S,60,72,0,0,55.326,75.817,-4.674,3.817,2007-11-03,0,0,1,1
20700030,10,1610612763,1610612754,757,2034,2418,2810,200768,2416,101122,101143,101211,101261,243,0,0,-0.352,0.0,1500,1743,3,PT11M00.00S,3,PT06M57.00S,0,0,0,0,-4.674,3.817,-5.026,3.817,2007-11-03,0,0,1,1
20700030,11,1610612763,1610612754,757,2034,2418,2810,200768,2416,101122,101143,101211,101261,56,0,0,0.983,0.0,1743,1799,3,PT06M57.00S,3,PT06M01.00S,0,0,0,0,-5.026,3.817,-4.043,3.817,2007-11-03,0,0,1,1
20700031,0,1610612749,1610612741,2046,2072,2590,101106,201146,1112,2550,2732,2736,200748,241,0,0,0.0,1.066,0,241,1,PT12M00.00S,1,PT07M59.00S,0,0,0,0,0.0,0.0,0.0,1.066,2007-11-03,0,0,1,1
20700031,1,1610612749,1610612741,2046,2072,2429,2590,201146,1112,2550,2732,2736,200748,76,0,0,0.0,-0.0,241,317,1,PT07M59.00S,1,PT06M43.00S,0,0,0,0,0.0,1.066,0.0,1.066,2007-11-03,0,0,1,1
20700031,2,1610612749,1610612741,2046,2072,2294,2429,201146,1112,2550,2732,2736,200748,51,0,0,0.0,0.0,317,368,1,PT06M43.00S,1,PT05M52.00S,0,0,0,0,0.0,1.066,0.0,1.066,2007-11-03,0,0,1,1
20700031,3,1610612749,1610612741,2046,2072,2294,2429,201146,1112,2732,2736,200748,200757,106,16,13,14.35,13.0,368,474,1,PT05M52.00S,1,PT04M06.00S,0,0,16,13,0.0,1.066,14.35,14.066,2007-11-03,0,0,1,1
20700031,4,1610612749,1610612741,2046,2072,2294,2429,201146,1112,2736,2768,200748,200757,21,-16,-13,-16.0,-13.0,474,495,1,PT04M06.00S,1,PT03M45.00S,16,13,0,0,14.35,14.066,-1.65,1.066,2007-11-03,0,0,1,1
20700031,5,1610612749,1610612741,2046,2072,2294,2429,201146,1112,2768,2804,200748,200757,47,0,0,0.0,0.0,495,542,1,PT03M45.00S,1,PT02M58.00S,0,0,0,0,-1.65,1.066,-1.65,1.066,2007-11-03,0,0,1,1
20700031,6,1610612749,1610612741,2072,2250,2294,2429,101111,1112,2768,2804,200748,200757,134,0,0,2.147,-3.308,542,676,1,PT02M58.00S,1,PT00M44.40S,0,0,0,0,-1.65,1.066,0.497,-2.241,2007-11-03,0,0,1,1
20700031,7,1610612749,1610612741,2250,2294,2429,2767,101111,693,2768,2804,200748,200757,189,0,0,1.105,2.106,676,865,1,PT00M44.40S,2,PT09M35.00S,0,0,0,0,0.497,-2.241,1.602,-0.135,2007-11-03,0,0,1,1
20700031,8,1610612749,1610612741,2250,2294,2429,2767,101111,693,2736,2768,2804,200757,42,0,0,-0.0,-0.0,865,907,2,PT09M35.00S,2,PT08M53.00S,0,0,0,0,1.602,-0.135,1.602,-0.135,2007-11-03,0,0,1,1
20700031,9,1610612749,1610612741,2250,2294,2429,2590,101111,693,2736,2768,2804,200757,24,0,0,0.0,0.0,907,931,2,PT08M53.00S,2,PT08M29.00S,0,0,0,0,1.602,-0.135,1.602,-0.135,2007-11-03,0,0,1,1
20700031,10,1610612749,1610612741,2250,2294,2590,101106,101111,693,2736,2768,2804,200757,107,0,0,1.026,0.0,931,1038,2,PT08M29.00S,2,PT06M42.00S,0,0,0,0,1.602,-0.135,2.628,-0.135,2007-11-03,0,0,1,1
20700031,11,1610612749,1610612741,2294,2590,101106,101111,201146,693,2732,2736,2768,2804,2,0,0,0.0,0.0,1038,1040,2,PT06M42.00S,2,PT06M40.00S,0,0,0,0,2.628,-0.135,2.628,-0.135,2007-11-03,0,0,1,1
20700031,12,1610612749,1610612741,2072,2294,2590,101106,201146,693,1112,2732,2768,2804,33,21,30,21.0,31.14,1040,1073,2,PT06M40.00S,2,PT06M07.00S,0,0,21,30,2.628,-0.135,23.628,31.005,2007-11-03,0,0,1,1
20700031,13,1610612749,1610612741,2046,2072,2590,101106,201146,693,1112,2732,2768,2804,106,-21,-30,-21.0,-30.756,1073,1179,2,PT06M07.00S,2,PT04M21.00S,21,30,0,0,23.628,31.005,2.628,0.249,2007-11-03,0,0,1,1
20700031,14,1610612749,1610612741,2046,2072,2429,2590,201146,693,1112,2732,2768,2804,24,0,0,0.0,1.067,1179,1203,2,PT04M21.00S,2,PT03M57.00S,0,0,0,0,2.628,0.249,2.628,1.316,2007-11-03,0,0,1,1
20700031,15,1610612749,1610612741,2046,2072,2294,2429,201146,693,1112,2550,2732,2768,27,24,33,24.0,33.0,1203,1230,2,PT03M57.00S,2,PT03M30.00S,0,0,24,33,2.628,1.316,26.628,34.316,2007-11-03,0,0,1,1
20700031,16,1610612749,1610612741,2046,2072,2294,2429,201146,1112,2550,2732,2768,200748,81,-24,-33,-22.86,-33.0,1230,1311,2,PT03M30.00S,2,PT02M09.00S,24,33,0,0,26.628,34.316,3.768,1.316,2007-11-03,0,0,1,1
20700031,17,1610612749,1610612741,2046,2072,2294,2429,201146,1112,2550,2732,2768,2804,16,28,35,28.0,35.0,1311,1327,2,PT02M09.00S,2,PT01M53.00S,0,0,28,35,3.768,1.316,31.768,36.316,2007-11-03,0,0,1,1
20700031,18,1610612749,1610612741,2046,2072,2294,2429,201146,693,1112,2550,2732,2768,170,-28,-35,-28.0,-31.58,1327,1497,2,PT01M53.00S,3,PT11M03.00S,28,35,0,0,31.768,36.316,3.768,4.735,2007-11-03,0,0,1,1
20700031,19,1610612749,1610612741,2046,2072,2294,2429,201146,693,1112,2550,2732,2768,102,0,0,0.0,0.0,1497,1599,3,PT11M03.00S,3,PT09M21.00S,0,0,0,0,3.768,4.735,3.768,4.735,2007-11-03,0,0,1,1
20700031,20,1610612749,1610612741,1913,2046,2072,2294,201146,693,1112,2550,2768,200757,85,0,0,-1.65,0.0,1852,1937,3,PT05M08.00S,3,PT03M43.00S,0,0,0,0,3.768,3.131,2.118,3.131,2007-11-03,0,0,1,1
20700031,21,1610612749,1610612741,1913,2046,2072,2294,201146,693,2550,2732,2736,2768,110,54,47,52.501,46.5,2001,2111,3,PT02M39.00S,3,PT00M48.60S,0,0,54,47,-1.182,3.131,51.319,49.631,2007-11-03,0,0,1,1
20700031,22,1610612749,1610612741,1913,2046,2072,2294,101111,693,2550,2732,2736,2768,154,-54,-47,-54.0,-47.0,2111,2265,3,PT00M48.60S,4,PT10M15.00S,54,47,0,0,51.319,49.631,-2.681,2.631,2007-11-03,0,0,1,1
20700031,23,1610612749,1610612741,1913,2072,2250,2294,101111,693,2550,2732,2736,2768,63,59,52,60.007,54.291,2265,2328,4,PT10M15.00S,4,PT09M12.00S,0,0,59,52,-2.681,2.631,57.326,56.922,2007-11-03,0,0,1,1
20700031,24,1610612749,1610612741,2072,2250,2294,101106,101111,693,2550,2732,2736,2768,85,-59,-52,-60.599,-50.934,2328,2413,4,PT09M12.00S,4,PT07M47.00S,59,52,0,0,57.326,56.922,-3.273,5.988,2007-11-03,0,0,1,1
20700031,25,1610612749,1610612741,2072,2250,2294,101106,101111,693,2550,2732,2736,2768,93,0,0,1.105,-1.477,2413,2506,4,PT07M47.00S,4,PT06M14.00S,0,0,0,0,-3.273,5.988,-2.168,4.512,2007-11-03,0,0,1,1
20700031,26,1610612749,1610612741,2072,2250,2294,101106,201146,693,2550,2732,2736,2768,363,0,0,4.223,0.651,2506,2869,4,PT06M14.00S,4,PT00M11.00S,0,0,0,0,-2.168,4.512,2.055,5.162,2007-11-03,0,0,1,1
20700031,27,1610612749,1610612741,2072,2250,2294,101106,201146,693,2550,2732,2736,2768,11,78,72,78.0,73.14,2869,2880,4,PT00M11.00S,4,PT00M00.00S,0,0,78,72,2.055,5.162,80.055,78.302,2007-11-03,0,0,1,1
20700032,0,1610612745,1610612757,1503,1747,2203,2397,101236,2038,101110,101127,200746,200750,381,0,0,0.419,2.165,0,381,1,PT12M00.00S,1,PT05M39.00S,0,0,0,0,0.0,0.0,0.419,2.165,2007-11-03,0,0,1,1
20700032,1,1610612745,1610612757,1503,1747,2203,2397,101236,2038,2592,101127,200746,200750,59,0,0,-0.76,0.0,381,440,1,PT05M39.00S,1,PT04M40.00S,0,0,0,0,0.419,2.165,-0.341,2.165,2007-11-03,0,0,1,1
20700032,2,1610612745,1610612757,1503,1747,2203,2397,101236,2038,2581,2592,200746,200750,37,0,0,0.0,0.0,440,477,1,PT04M40.00S,1,PT04M03.00S,0,0,0,0,-0.341,2.165,-0.341,2.165,2007-11-03,0,0,1,1
20700032,3,1610612745,1610612757,1503,1747,2203,2397,101236,2581,2592,101112,200746,200750,106,0,0,2.301,1.069,477,583,1,PT04M03.00S,1,PT02M17.00S,0,0,0,0,-0.341,2.165,1.96,3.234,2007-11-03,0,0,1,1
20700032,4,1610612745,1610612757,1503,1719,2229,2397,2449,2038,2581,2592,101112,200750,231,0,0,-5.05,0.958,583,814,1,PT02M17.00S,2,PT10M26.00S,0,0,0,0,1.96,3.234,-3.09,4.192,2007-11-03,0,0,1,1
20700032,5,1610612745,1610612757,1503,1719,2229,2397,2449,2581,2592,101112,200746,200750,26,0,0,0.0,0.0,814,840,2,PT10M26.00S,2,PT10M00.00S,0,0,0,0,-3.09,4.192,-3.09,4.192,2007-11-03,0,0,1,1
20700032,6,1610612745,1610612757,1503,1719,2229,2397,2449,2581,101110,101112,200746,200750,57,0,0,0.0,0.0,840,897,2,PT10M00.00S,2,PT09M03.00S,0,0,0,0,-3.09,4.192,-3.09,4.192,2007-11-03,0,0,1,1
20700032,7,1610612745,1610612757,1503,1719,2229,2449,101236,101110,101112,101127,200746,200750,165,0,0,2.081,-1.611,949,1114,2,PT08M11.00S,2,PT05M26.00S,0,0,0,0,-2.025,4.192,0.057,2.581,2007-11-03,0,0,1,1
20700032,8,1610612745,1610612757,1503,1719,2203,2229,2449,101110,101112,101127,200746,200750,38,0,0,0.0,0.0,1114,1152,2,PT05M26.00S,2,PT04M48.00S,0,0,0,0,0.057,2.581,0.057,2.581,2007-11-03,0,0,1,1
20700032,9,1610612745,1610612757,1503,1719,1747,2203,2449,101110,101112,101127,200746,200750,39,0,0,-1.733,0.0,1152,1191,2,PT04M48.00S,2,PT04M09.00S,0,0,0,0,0.057,2.581,-1.677,2.581,2007-11-03,0,0,1,1
20700032,10,1610612745,1610612757,1503,1719,1747,2203,2397,101110,101112,101127,200746,200750,104,0,0,0.0,0.0,1191,1295,2,PT04M09.00S,2,PT02M25.00S,0,0,0,0,-1.677,2.581,-1.677,2.581,2007-11-03,0,0,1,1
20700032,11,1610612745,1610612757,1503,1719,1747,2203,2397,2038,101110,101112,101127,200750,502,0,0,2.149,-0.429,1295,1797,2,PT02M25.00S,3,PT06M03.00S,0,0,0,0,-1.677,2.581,0.473,2.152,2007-11-03,0,0,1,1
20700032,12,1610612745,1610612757,1503,1719,1747,2203,2449,2038,2566,101110,101127,200750,64,0,0,0.0,1.069,1918,1982,3,PT04M02.00S,3,PT02M58.00S,0,0,0,0,0.473,2.152,0.473,3.221,2007-11-03,0,0,1,1
20700032,13,1610612745,1610612757,1503,1719,2203,2229,2397,2566,101110,101127,200746,200750,180,0,0,0.488,1.182,2358,2538,4,PT08M42.00S,4,PT05M42.00S,0,0,0,0,1.522,4.442,2.009,5.624,2007-11-03,0,0,1,1
20700032,14,1610612745,1610612757,1503,1719,2203,2229,2397,2566,2581,101110,200746,200750,95,76,63,77.065,63.0,2538,2633,4,PT05M42.00S,4,PT04M07.00S,0,0,76,63,2.009,5.624,79.074,68.624,2007-11-03,0,0,1,1
20700032,15,1610612745,1610612757,1503,1719,2203,2229,2397,2581,101110,101112,200746,200750,188,-76,-63,-78.223,-63.0,2633,2821,4,PT04M07.00S,4,PT00M58.70S,76,63,0,0,79.074,68.624,0.851,5.624,2007-11-03,0,0,1,1
20700032,16,1610612745,1610612757,1503,1719,2203,2229,101236,2581,101110,101112,200746,200750,59,89,80,90.05,80.0,2821,2880,4,PT00M58.70S,4,PT00M00.00S,0,0,89,80,0.851,5.624,90.901,85.624,2007-11-03,0,0,1,1
20700033,0,1610612742,1610612758,224,1717,2205,2572,200826,1630,1802,2422,2755,101128,381,19,8,20.388,9.134,0,381,1,PT12M00.00S,1,PT05M39.00S,0,0,19,8,0.0,0.0,20.388,9.134,2007-11-03,0,0,1,1
20700033,1,1610612742,1610612758,1717,1891,2205,2572,200826,1630,1802,2422,2755,101128,174,9,8,5.746,7.51,381,555,1,PT05M39.00S,1,PT02M45.00S,19,8,28,16,20.388,9.134,26.134,16.645,2007-11-03,0,0,1,1
20700033,2,1610612742,1610612758,711,1717,1891,2205,200826,1630,1903,2422,2755,101128,48,1,2,1.0,2.0,555,603,1,PT02M45.00S,1,PT01M57.00S,28,16,29,18,26.134,16.645,27.134,18.645,2007-11-03,0,0,1,1
20700033,3,1610612742,1610612758,711,1717,1891,101138,200826,1630,1903,2422,2755,200763,47,3,2,3.0,2.0,603,650,1,PT01M57.00S,1,PT01M10.00S,29,18,32,20,27.134,18.645,30.134,20.645,2007-11-03,0,0,1,1
20700033,4,1610612742,1610612758,711,1717,1891,101138,200826,949,1903,2422,2755,200763,35,2,2,2.0,2.0,650,685,1,PT01M10.00S,1,PT00M35.40S,32,20,34,22,30.134,20.645,32.134,22.645,2007-11-03,0,0,1,1
20700033,5,1610612742,1610612758,101138,711,1717,1891,2205,949,1903,2422,2755,200763,6,1,3,1.0,1.248,685,691,1,PT00M35.40S,1,PT00M28.60S,34,22,35,25,32.134,22.645,33.134,23.893,2007-11-03,1,0,1,1
20700033,6,1610612742,1610612758,1717,711,1891,2239,101138,1903,2422,2755,101128,201208,218,7,5,5.382,5.0,1599,1817,3,PT09M21.00S,3,PT05M43.00S,80,62,87,67,77.491,60.349,82.872,65.349,2007-11-03,1,0,1,1
20700033,7,1610612742,1610612758,1717,711,1891,2239,101138,1802,1903,2422,200763,201208,49,2,2,2.0,2.895,2255,2304,4,PT10M25.00S,4,PT09M36.00S,106,83,108,85,99.56,79.537,101.56,82.431,2007-11-03,1,0,1,1
20700033,8,1610612742,1610612758,101138,711,1717,1891,2239,1630,1802,1903,2422,200763,72,2,4,2.979,4.0,2304,2376,4,PT09M36.00S,4,PT08M24.00S,108,85,110,89,101.56,82.431,104.54,86.431,2007-11-03,1,0,1,1
20700034,0,1610612762,1610612744,1905,2246,2430,101114,200758,1733,1884,2554,2740,101235,408,12,22,10.345,15.489,0,408,1,PT12M00.00S,1,PT05M12.00S,0,0,12,22,0.0,0.0,10.345,15.489,2007-11-03,0,0,1,1
20700034,1,1610612762,1610612744,1723,2078,2246,2430,200758,1733,1884,2554,2740,101235,51,1,0,1.0,1.935,408,459,1,PT05M12.00S,1,PT04M21.00S,12,22,13,22,10.345,15.489,11.345,17.423,2007-11-03,0,0,1,1
20700034,2,1610612762,1610612744,1723,2078,2246,2430,200758,1733,1884,2440,2740,101235,92,-13,-22,-13.0,-20.976,459,551,1,PT04M21.00S,1,PT02M49.00S,13,22,0,0,11.345,17.423,-1.655,-3.553,2007-11-03,0,0,1,1
20700034,3,1610612762,1610612744,1723,2078,2246,2430,200758,1733,2440,2740,101145,101235,129,26,27,24.399,27.98,551,680,1,PT02M49.00S,1,PT00M40.40S,0,0,26,27,-1.655,-3.553,22.744,24.427,2007-11-03,0,0,1,1
20700034,4,1610612762,1610612744,1723,2078,2246,200758,200794,2440,2554,2740,101145,101235,97,-26,-27,-26.864,-27.0,680,777,1,PT00M40.40S,2,PT11M03.00S,26,27,0,0,22.744,24.427,-4.12,-2.573,2007-11-03,0,0,1,1
20700034,5,1610612762,1610612744,1723,2246,101114,200758,200794,2440,2554,2740,101145,101235,9,0,0,0.0,0.0,777,786,2,PT11M03.00S,2,PT10M54.00S,0,0,0,0,-4.12,-2.573,-4.12,-2.573,2007-11-03,0,0,1,1
20700034,6,1610612762,1610612744,1723,2246,101114,200758,200794,2440,2554,2740,101145,201158,65,36,33,36.0,33.0,786,851,2,PT10M54.00S,2,PT09M49.00S,0,0,36,33,-4.12,-2.573,31.88,30.427,2007-11-03,0,0,1,1
20700034,7,1610612762,1610612744,1723,2246,101114,200758,200794,1733,2440,2740,101145,201158,54,-36,-33,-37.682,-32.02,851,905,2,PT09M49.00S,2,PT08M55.00S,36,33,0,0,31.88,30.427,-5.802,-1.593,2007-11-03,0,0,1,1
20700034,8,1610612762,1610612744,2246,2430,101114,200758,200794,1733,2440,2740,101145,201158,76,0,0,0.0,0.0,905,981,2,PT08M55.00S,2,PT07M39.00S,0,0,0,0,-5.802,-1.593,-5.802,-1.593,2007-11-03,0,0,1,1
20700034,9,1610612762,1610612744,2246,2430,101114,200758,200794,1733,2440,2740,101145,201158,22,0,0,0.0,0.0,981,1003,2,PT07M39.00S,2,PT07M17.00S,0,0,0,0,-5.802,-1.593,-5.802,-1.593,2007-11-03,0,0,1,1
20700034,10,1610612762,1610612744,2246,2430,101114,200758,200794,1733,1884,2440,2740,201158,7,0,0,0.0,0.0,1003,1010,2,PT07M17.00S,2,PT07M10.00S,0,0,0,0,-5.802,-1.593,-5.802,-1.593,2007-11-03,0,0,1,1
20700034,11,1610612762,1610612744,2246,2430,101114,200758,200794,1733,1884,2554,2740,201158,66,47,36,47.0,36.0,1010,1076,2,PT07M10.00S,2,PT06M04.00S,0,0,47,36,-5.802,-1.593,41.198,34.407,2007-11-03,0,0,1,1
20700034,12,1610612762,1610612744,2246,101139,101179,200758,200794,2440,2554,101145,101235,200753,34,2,2,2.0,2.0,2846,2880,4,PT00M34.50S,4,PT00M00.00S,131,108,133,110,111.764,103.232,113.764,105.232,2007-11-03,1,0,1,1
20700035,0,1610612761,1610612738,1515,2547,2551,2574,200745,708,951,1718,2570,200765,363,4,10,5.159,7.993,0,363,1,PT12M00.00S,1,PT05M57.00S,0,0,4,10,0.0,0.0,5.159,7.993,2007-11-04,0,0,1,1
20700035,1,1610612761,1610612738,1515,2547,2551,2574,200745,708,951,1718,2067,2570,43,0,3,0.0,3.0,363,406,1,PT05M57.00S,1,PT05M14.00S,4,10,4,13,5.159,7.993,5.159,10.993,2007-11-04,0,0,1,1
20700035,2,1610612761,1610612738,1515,1725,2551,2574,200745,708,951,1718,2067,2570,192,10,5,10.0,6.194,406,598,1,PT05M14.00S,1,PT02M02.00S,4,13,14,18,5.159,10.993,15.159,17.187,2007-11-04,0,0,1,1
20700035,3,1610612761,1610612738,1725,2568,2574,101181,200745,708,951,1899,2067,2570,56,0,3,1.073,1.539,598,654,1,PT02M02.00S,1,PT01M06.00S,14,18,14,21,15.159,17.187,16.232,18.726,2007-11-04,0,0,1,1
20700035,4,1610612761,1610612738,1725,2413,2568,101181,200745,708,951,1899,2067,2570,231,3,2,2.391,4.261,654,885,1,PT01M06.00S,2,PT09M15.00S,14,21,17,23,16.232,18.726,18.623,22.987,2007-11-04,0,0,1,1
20700035,5,1610612761,1610612738,1725,2413,2568,101181,200745,708,1899,2067,2570,2754,54,5,0,3.339,0.0,885,939,2,PT09M15.00S,2,PT08M21.00S,17,23,22,23,18.623,22.987,21.962,22.987,2007-11-04,0,0,1,1
20700036,0,1610612746,1610612760,208,1501,1894,2549,2624,2248,2404,2555,2863,201142,425,11,14,12.215,10.801,0,425,1,PT12M00.00S,1,PT04M55.00S,0,0,11,14,0.0,0.0,12.215,10.801,2007-11-04,0,0,1,1
20700036,1,1610612746,1610612760,208,1501,1894,2549,2624,2248,2404,2741,2863,201142,116,-11,-14,-9.94,-12.944,425,541,1,PT04M55.00S,1,PT02M59.00S,11,14,0,0,12.215,10.801,2.275,-2.143,2007-11-04,0,0,1,1
20700036,2,1610612746,1610612760,208,1501,1894,2624,200781,1887,2741,2753,2863,201145,11,0,0,0.0,0.0,541,552,1,PT02M59.00S,1,PT02M48.00S,0,0,0,0,2.275,-2.143,2.275,-2.143,2007-11-04,0,0,1,1
20700036,3,1610612746,1610612760,208,1501,1749,1894,200781,1887,2741,2753,2863,201145,28,17,18,17.0,18.0,552,580,1,PT02M48.00S,1,PT02M20.00S,0,0,17,18,2.275,-2.143,19.275,15.857,2007-11-04,0,0,1,1
20700036,4,1610612746,1610612760,1501,1510,1749,1894,200781,1887,2741,2753,2863,201145,259,-17,-18,-16.462,-16.871,580,839,1,PT02M20.00S,2,PT10M01.00S,17,18,0,0,19.275,15.857,2.813,-1.014,2007-11-04,0,0,1,1
20700036,5,1610612746,1610612760,1501,1510,1749,1894,2549,2404,2555,2557,2863,201142,153,0,0,0.0,0.0,1114,1267,2,PT05M26.00S,2,PT02M53.00S,0,0,0,0,2.813,1.555,2.813,1.555,2007-11-04,0,0,1,1
20700036,6,1610612746,1610612760,1501,1510,1749,1894,200781,1887,2555,2557,2863,101130,403,0,0,0.951,-1.471,1402,1805,2,PT00M38.10S,3,PT05M55.00S,0,0,0,0,2.813,2.534,3.764,1.063,2007-11-04,0,0,1,1
20700037,0,1610612752,1610612750,950,2037,2047,2201,2216,689,2742,2744,101119,101155,509,0,0,1.367,-1.6,0,509,1,PT12M00.00S,1,PT03M31.00S,0,0,0,0,0.0,0.0,1.367,-1.6,2007-11-04,0,0,1,1
20700037,1,1610612752,1610612750,950,2037,2047,2216,101135,2742,2744,101119,101155,200783,71,0,0,0.924,0.0,509,580,1,PT03M31.00S,1,PT02M20.00S,0,0,0,0,1.367,-1.6,2.292,-1.6,2007-11-04,0,0,1,1
20700037,2,1610612752,1610612750,950,2216,101126,101135,200764,1761,2742,2744,101155,200783,108,0,0,-0.652,0.0,580,688,1,PT02M20.00S,1,PT00M32.30S,0,0,0,0,2.292,-1.6,1.64,-1.6,2007-11-04,0,0,1,1
20700037,3,1610612752,1610612750,950,2216,101126,101135,200764,1761,2060,2744,101155,200783,21,0,0,0.0,0.0,688,709,1,PT00M32.30S,1,PT00M10.60S,0,0,0,0,1.64,-1.6,1.64,-1.6,2007-11-04,0,0,1,1
20700037,4,1610612752,1610612750,950,2216,101126,101135,200764,1761,2060,101123,200783,201147,124,0,0,0.0,0.945,709,833,1,PT00M10.60S,2,PT10M07.00S,0,0,0,0,1.64,-1.6,1.64,-0.656,2007-11-04,0,0,1,1
20700037,5,1610612752,1610612750,950,2216,101126,101135,200764,689,1761,2060,101123,200783,117,0,0,-1.659,-1.861,833,950,2,PT10M07.00S,2,PT08M10.00S,0,0,0,0,1.64,-0.656,-0.019,-2.517,2007-11-04,0,0,1,1
20700037,6,1610612752,1610612750,950,2047,2216,101135,200764,689,2742,2744,101123,101155,104,55,53,55.0,51.249,1405,1509,2,PT00M34.70S,3,PT10M51.00S,0,0,55,53,-2.425,-4.863,52.575,46.386,2007-11-04,0,0,1,1
20700038,0,1610612748,1610612766,406,1715,1729,2617,2748,2056,2202,2222,2731,101109,473,0,0,1.099,-0.136,0,473,1,PT12M00.00S,1,PT04M07.00S,0,0,0,0,0.0,0.0,1.099,-0.136,2007-11-04,0,0,1,1
20700038,1,1610612748,1610612766,297,1715,1729,2617,2748,2056,2202,2222,2731,101109,26,0,0,0.0,0.0,473,499,1,PT04M07.00S,1,PT03M41.00S,0,0,0,0,1.099,-0.136,1.099,-0.136,2007-11-04,0,0,1,1
20700038,2,1610612748,1610612766,297,1715,1729,2617,2748,976,2202,2222,2731,101109,396,0,0,1.111,-0.691,499,895,1,PT03M41.00S,2,PT09M05.00S,0,0,0,0,1.099,-0.136,2.21,-0.827,2007-11-04,0,0,1,1
20700038,3,1610612748,1610612766,406,1715,1729,2617,2748,976,2202,2731,101109,200835,41,0,0,0.0,0.0,895,936,2,PT09M05.00S,2,PT08M24.00S,0,0,0,0,2.21,-0.827,2.21,-0.827,2007-11-04,0,0,1,1
20700038,4,1610612748,1610612766,297,358,1715,1729,2617,976,2202,2222,2731,101109,147,-39,-43,-39.0,-41.928,1217,1364,2,PT03M43.00S,2,PT01M16.00S,39,43,0,0,43.352,38.911,4.352,-3.017,2007-11-04,0,0,1,1
20700038,5,1610612748,1610612766,297,358,1715,2617,2748,976,2202,2222,2731,101109,39,0,0,0.0,0.0,1364,1403,2,PT01M16.00S,2,PT00M37.40S,0,0,0,0,4.352,-3.017,4.352,-3.017,2007-11-04,0,0,1,1
20700038,6,1610612748,1610612766,297,358,1715,2617,2748,976,2202,2731,101109,201162,445,0,0,0.347,-1.718,1403,1848,2,PT00M37.40S,3,PT05M12.00S,0,0,0,0,4.352,-3.017,4.698,-4.735,2007-11-04,0,0,1,1
20700038,7,1610612748,1610612766,297,358,1715,2617,2748,976,2202,2731,101109,201162,67,0,0,0.937,-1.55,1848,1915,3,PT05M12.00S,3,PT04M05.00S,0,0,0,0,4.698,-4.735,5.635,-6.285,2007-11-04,0,0,1,1
20700038,8,1610612748,1610612766,297,358,1715,2617,201161,976,2202,2731,101109,201162,66,0,0,0.0,0.0,1915,1981,3,PT04M05.00S,3,PT02M59.00S,0,0,0,0,5.635,-6.285,5.635,-6.285,2007-11-04,0,0,1,1
20700038,9,1610612748,1610612766,297,358,1715,2617,201161,976,2202,2731,101109,201162,153,0,0,0.0,1.072,1981,2134,3,PT02M59.00S,3,PT00M25.80S,0,0,0,0,5.635,-6.285,5.635,-5.213,2007-11-04,0,0,1,1
